1747 2780
150 756 168 788 3

200 56 282 96 132

629 59 754 92 LIBER
779 59 908 93 XXXII.

958 59 1051 94 GAP.
1081 62 1132 94 17.
1160 62 1212 94 18.

1449 81 1474 99 a.
1483 81 1522 105 n.
1540 80 1565 100 c.
1582 74 1646 101 556.

201 176 302 216 muri
324 188 415 228 pars
444 176 570 214 adhuc
601 175 754 227 integra
786 182 952 228 utraque
973 182 1057 215 tuta
1087 176 1310 228 praestabat
1330 176 1470 227 latera,
1502 190 1577 217 nec
1598 191 1645 218 ex

200 235 320 285 longo
343 233 468 284 spatio
489 239 555 271 aut
577 232 798 272 cedendum
819 240 885 272 aut
906 233 1077 285 impetus
1104 233 1307 273 faciendus
1328 239 1430 282 erat,
1463 247 1561 286 quae
1582 247 1646 276 res

131 298 168 331 16
198 291 361 330 turbare
384 290 545 329 ordines
567 290 678 329 solet.
719 290 881 330 accessit
914 290 1027 329 etiam
1058 290 1220 329 fortuita
1240 303 1304 330 res
1325 290 1373 330 ad
1403 291 1556 332 animos
1577 305 1646 332 eo-

200 361 289 388 rum
311 347 545 395 firmandos3
574 359 664 386 nam
689 359 778 387 cum
800 348 920 387 turris
938 360 1010 399 per
1031 359 1213 399 aggerem
1236 360 1378 400 parum
1399 348 1551 388 densati
1573 349 1647 389 soli

130 414 167 446 17
199 410 404 457 ageretur,
434 410 521 444 rota
552 417 628 443 una
652 404 691 443 in
721 405 900 444 altiorem
933 404 1102 444 orbitam
1131 404 1318 457 depressa
1339 405 1391 444 ita
1420 406 1562 445 turrim
1584 406 1646 446 in-

201 462 370 509 clinavit,
391 468 434 500 ut
450 461 622 514 speciem
638 462 789 501 ruentis
811 462 1003 509 hostibus,
1025 462 1329 513 trepidationem
1351 475 1490 502 vanam
1506 475 1648 515 super-

129 525 176 560 18
201 519 397 559 stantibus
419 519 578 558 armatis
598 519 838 571 praebuerit.
880 532 968 558 cum
993 532 1132 570 parum
1163 519 1375 571 quicquam
1403 520 1647 569 succederet,

201 576 341 616 consul
364 576 526 615 minime
552 589 678 627 aequo
700 576 831 615 animo
864 576 1200 628 comparationem
1222 576 1390 616 militum
1410 577 1648 628 generisque

151 642 169 673 2
199 646 401 673 armorum
423 633 507 672 fieri
529 633 769 685 patiebatur,
801 634 916 673 simul
941 646 1015 673 nec
1037 639 1230 673 maturam
1260 633 1514 685 expugnandi
1534 646 1648 685 spem

201 704 272 731 nec
306 691 499 730 rationem
531 691 671 742 procul
693 703 713 730 a
745 690 843 730 mari
873 696 913 730 et
944 690 983 730 in
1016 691 1194 730 evastatis
1225 691 1318 730 belli
1348 691 1524 731 cladibus
1551 691 1649 730 locis

200 748 436 787 hibernandi
460 747 577 787 ullam
600 748 801 787 cernebat.
850 748 981 799 itaque
1004 748 1138 787 relicta
1160 747 1381 798 obsidione,
1403 748 1493 800 quia
1517 748 1649 788 nullus

201 806 241 845 in
265 812 345 844 tota
372 805 615 844 Acarnaniae
645 811 763 856 atque
785 805 958 844 Aetoliae
981 817 1047 844 ora
1077 811 1217 857 portus
1239 811 1343 853 erat,
1375 805 1443 857 qui
1473 805 1591 845 simul
1612 810 1648 844 et

202 862 331 902 omnis
353 862 575 909 onerarias,
606 875 704 913 quae
735 868 998 902 commeatum
1020 862 1210 902 exercitui
1231 862 1461 914 portabant,
1491 868 1649 914 caperet

201 927 239 959 et
260 926 362 959 tecta
385 920 429 958 ad
452 919 749 959 hibernandum
777 919 1003 971 legionibus
1024 919 1251 971 praeberet,
1275 919 1460 972 Anticyra
1481 919 1523 958 in
1545 919 1650 958 Pho-

203 977 307 1025 cide,
330 977 369 1015 in
393 976 641 1016 Corinthium
664 990 772 1016 versa
795 978 947 1024 sinum,
975 976 1023 1015 ad
1044 976 1082 1015 id
1105 976 1445 1028 opportunissime
1465 976 1537 1016 sita
1557 976 1650 1024 visa,

202 1034 289 1085 quia
313 1046 387 1073 nec
410 1034 551 1085 procul
572 1034 770 1073 Thessalia
793 1034 1046 1084 hostiumque
1067 1033 1165 1073 locis
1191 1032 1327 1072 aberat
1355 1038 1393 1072 et
1421 1046 1468 1073 ex
1487 1033 1650 1073 adverso

202 1091 524 1143 Peloponnesum
555 1091 696 1142 exiguo
727 1091 846 1130 maris
876 1090 1002 1143 spatio
1033 1090 1213 1138 divisam,
1245 1090 1293 1130 ab
1322 1096 1436 1142 tergo
1458 1091 1651 1130 Aetoliam

202 1171 234 1205 2.
252 1172 287 1207 ὃς
308 1172 363 1209 31,
382 1171 435 1210 39,
458 1172 512 1206 10;
540 1169 660 1212 gehort
679 1180 720 1201 zu
737 1170 891 1207 vallum:

201 1226 228 1248 s.
257 1217 311 1253 31,
337 1217 390 1256 23,
416 1217 454 1248 9:
482 1218 680 1257 tamquam,
709 1218 761 1254 36,
785 1217 834 1255 18,
855 1218 890 1253 ὃς

201 1260 271 1303 vgl.
287 1263 319 1301 8,
334 1264 364 1303 8,
384 1263 438 1294 10:
456 1261 664 1293 lzaudsecus
678 1271 784 1302 quam
798 1261 892 1293 vallo

200 1310 323 1349 saepta
338 1307 547 1339 inhorrebat
559 1308 669 1341 acies:
685 1306 775 1339 Curt.
791 1309 822 1347 4,
840 1308 891 1344 15,

206 1355 244 1384 15
257 1365 263 1383 t
280 1353 373 1384 vallo
388 1354 515 1384 similis
525 1354 621 1384 acies
630 1351 891 1393 (Macedonum)

205 1400 292 1429 erat.

250 1445 302 1476 15.
328 1445 528 1484 nomque]
548 1453 573 1475 s.
594 1453 633 1475 zu
652 1445 705 1483 27,
727 1445 779 1481 12,
799 1444 829 1475 2.
849 1462 892 1467 —

203 1500 248 1520 e.1·
266 1490 372 1530 longo
390 1487 520 1531 spatio]
541 1498 607 1520 von
626 1488 736 1521 einem
755 1487 891 1521 Punkte

203 1544 264 1567 aus
299 1535 384 1566 nach
419 1534 529 1566 einem
564 1533 758 1567 entsernten
793 1533 893 1566 ruck-

205 1581 308 1612 warts
326 1580 398 1612 sich
422 1580 597 1621 bewegen.
620 1598 656 1602 —
677 1590 769 1622 quae
785 1581 892 1619 res..]

203 1625 273 1667 vgl.
301 1626 355 1663 33,
381 1627 413 1665 9,
441 1627 492 1657 10.
523 1643 568 1648 —
602 1625 757 1665 ordines]
790 1625 892 1657 niiml.

202 1672 405 1713 phalangis.

254 1718 303 1749 16.
336 1727 465 1758 paz-um
500 1716 651 1758 densati]
683 1712 791 1748 ‘nicht
827 1715 894 1748 fest

205 1772 317 1804 genug
343 1759 550 1804 gestampst'.
873 1760 876 1763 “

256 1810 304 1840 17.
322 1811 402 1839 rota
421 1809 506 1847 una]
522 1818 548 1840 S.
565 1806 685 1850 Veget.
700 1809 732 1847 4,
747 1809 803 1839 17:
819 1810 894 1839 tm·-

202 1855 303 1885 rz'bus
324 1853 448 1895 plnres
465 1857 565 1886 rotae
589 1854 796 1885 mechanica
819 1856 896 1885 arte

204 1899 427 1934 subduntur,
461 1909 613 1941 quorum
646 1899 749 1941 lapsu
773 1899 897 1931 mobili

205 1945 418 1985 magnitudo
446 1948 516 1977 lam
537 1945 612 1976 alta
630 1947 827 1977 moveatur.
853 1963 896 1968 —

207 1991 385 2030 altiorem]
398 1986 510 2023 ‘tiefer
525 1985 771 2032 eingedrt‘ickt'.
782 2009 826 2013 —
842 1990 898 2021 de-

202 2036 340 2077 pressa]
365 2030 548 2077 ‘gesenkt':
580 2044 606 2068 S.
626 2035 716 2068 curt.
742 2037 774 2075 4,
800 2037 832 2071 6,
859 2036 897 2068 9:

206 2082 333 2112 liumus
343 2107 349 2112 .
360 2105 367 2112 .
378 2081 556 2112 desidente
564 2081 689 2112 sabulo
697 2081 898 2121 agilitatem

208 2128 369 2157 rotarum
388 2129 529 2158 morata
555 2126 715 2157 tabulata
741 2128 900 2157 tvm-inm

206 2170 468 2213 perfringebat.
485 2190 527 2194 ——
546 2171 823 2213 trepidationem
841 2182 900 2203 va—

208 2215 325 2257 nam*]
344 2217 412 2259 vgl.
428 2218 481 2254 35,
496 2219 550 2252 40.
564 2218 595 2250 8.
608 2235 653 2240 --
665 2218 900 2258 superstanti-

211 2264 285 2302 bns]
304 2273 329 2294 s.
349 2264 403 2299 44,
421 2265 452 2300 9,
471 2264 501 2296 8.
526 2281 569 2285 —
592 2263 813 2304 praebuerit]
839 2262 899 2294 das

210 2308 441 2349 gemeinsame
451 2307 599 2341 Verbum
614 2318 655 2340 zu
670 2307 792 2340 beiden
804 2307 901 2340 Satz-

211 2353 373 2394 gliedern,
399 2354 460 2387 das
477 2354 596 2386 besser
617 2363 694 2386 zum
719 2357 831 2386 ersten
850 2353 899 2385 als

212 2409 287 2430 zum
308 2399 453 2432 zweiten
480 2398 576 2431 Teile
601 2401 703 2442 pafst.

255 2444 315 2478 18.
332 2448 360 2478 1.
380 2447 583 2487 quiequam]
598 2444 818 2487 weilparum
834 2444 899 2476 wie

211 2499 297 2521 raro
322 2492 363 2525 (s.
387 2493 441 2531 21,
460 2492 514 2530 59,
533 2492 566 2531 7)
591 2490 689 2523 einen
715 2489 898 2532 negativen

211 2533 342 2576 Begriff
355 2536 496 2569 euthalt.
515 2555 558 2559 —
576 2536 787 2576 succederet]
802 2546 828 2568 3.
845 2537 898 2576 24,

966 1170 1019 1211 19,
1036 1170 1072 1207 6;
1092 1170 1146 1211 42,
1161 1170 1214 1211 58,
1236 1171 1269 1202 1;
1288 1170 1468 1212 inceptum
1484 1179 1558 1202 non
1573 1179 1653 1201 sue-

963 1215 1122 1253 cedebat;
1143 1214 1212 1257 vgl.
1228 1216 1259 1257 2,
1270 1217 1324 1257 45,
1339 1217 1370 1249 5.
1386 1233 1428 1238 -
1438 1216 1652 1257 generisque

963 1259 1181 1302 armorztm*]
1207 1270 1233 1293 3.
1262 1261 1314 1300 12,
1341 1262 1372 1294 2.
1401 1261 1452 1302 17,
1482 1261 1521 1293 12
1546 1271 1580 1293 11.
1606 1269 1636 1293 a.

1009 1308 1039 1338 3.
1064 1308 1104 1338 in
1129 1309 1222 1338 tota.
1234 1331 1241 1338 .
1253 1307 1330 1346 ora]
1348 1302 1406 1338 ‘im
1424 1315 1555 1348 ganzen
1572 1304 1653 1338 Um-

962 1351 1074 1384 kreise
1101 1351 1160 1384 der
1186 1348 1315 1391 Kiiste'3
1341 1361 1367 1384 3.
1390 1362 1432 1384 zu
1457 1353 1512 1390 22,
1538 1353 1593 1392 20,
1621 1353 1650 1384 1.

961 1415 1008 1420 —
1025 1397 1133 1429 simul
1156 1400 1207 1430 et.
1221 1395 1288 1441 .et]
1314 1397 1382 1430 wie
1405 1397 1530 1430 vorher
1546 1397 1655 1429 simul

963 1453 1028 1474 nee
1043 1467 1050 1474 .
1067 1467 1074 1475 .
1089 1453 1167 1480 nec:
1195 1453 1221 1475 s.
1241 1444 1295 1483 24,
1315 1444 1354 1482 3;
1383 1445 1435 1484 10,
1460 1444 1515 1484 43,
1535 1444 1570 1482 5;
1597 1443 1653 1483 23,

964 1489 1018 1524 26,
1041 1489 1071 1521 8.
1094 1507 1139 1511 —
1159 1489 1405 1530 commeatum]
1428 1498 1455 1521 s.
1469 1489 1501 1530 9,
1517 1489 1577 1527 10;
1598 1487 1654 1521 die

963 1532 1184 1576 Kriegsflotte
1215 1533 1281 1566 3011
1315 1543 1357 1566 an
1389 1534 1500 1566 einem
1525 1532 1652 1566 andern

965 1578 1044 1612 Orte
1078 1578 1329 1616 iiberwinterm
1364 1578 1434 1621 vgl.
1461 1580 1515 1620 31,
1541 1580 1596 1620 47,
1621 1580 1652 1612 2.

963 1643 1007 1648 —-
1033 1627 1125 1657 tecta
1143 1624 1191 1656 ad
1208 1625 1483 1665 hibernandum]
1510 1624 1577 1658 wie
1599 1626 1654 1660 37,

963 1672 1018 1704 45.
1047 1671 1104 1708 19:
1136 1672 1191 1712 42,
1223 1672 1278 1711 67,
1311 1671 1352 1709 8;
1383 1671 1437 1712 45,
1463 1671 1495 1712 9,
1524 1672 1556 1709 1;
1583 1670 1652 1713 vgl.

959 1715 1089 1757 Jedoch
1113 1718 1168 1756 45,
1195 1716 1249 1757 28,
1280 1717 1329 1749 10.

1001 1763 1032 1794 4.
1040 1762 1231 1805 Anticyra]
1241 1762 1267 1794 s‘.
1277 1762 1332 1801 28,
1341 1762 1373 1803 8,
1382 1762 1412 1793 7.
1420 1762 1585 1801 -versa]
1595 1760 1654 1794 der

969 1806 1063 1839 sinus
1088 1804 1321 1850 Anticyranus
1337 1807 1383 1840 ist
1400 1816 1464 1839 nur
1487 1806 1564 1839 eine
1590 1806 1653 1839 tie-

967 1852 1037 1885 sere
1054 1851 1167 1885 Bucht
1192 1852 1252 1885 des
1269 1851 1529 1885 korinthischen
1546 1851 1654 1885 Meer-

965 1898 1105 1937 huseus.
1145 1917 1191 1922 —
1231 1899 1530 1940 opportunissime
1569 1898 1652 1938 sita]

967 1944 1063 1976 nicht
1087 1943 1170 1976 weit
1186 1953 1255 1975 von
1274 1942 1406 1985 Delphi,
1432 1942 1509 1976 dem
1526 1941 1656 1976 Mittel-

968 1988 1098 2032 punkte
1124 1988 1406 2026 Griechenlands;
1431 1988 1501 2030 vgl.
1520 1990 1574 2029 38,
1598 1990 1654 2027 48,

969 2036 1005 2071 2;
1032 2033 1121 2066 Plut.
1151 2033 1254 2066 Arist.
1281 2034 1334 2066 20.
1360 2053 1405 2057 —
1430 2034 1655 2076 hostiumque

969 2079 1068 2119 Iocis]
1093 2078 1125 2111 d.
1151 2079 1181 2111 h.
1201 2079 1277 2112 dem
1304 2078 1430 2112 Feinde
1454 2079 1653 2122 geborigen,

968 2135 1036 2157 von
1068 2125 1137 2157 ihm
1170 2125 1348 2158 besetzten
1382 2124 1576 2168 Gegenden.
1609 2143 1655 2149 —-

969 2171 1105 2211 aberae]
1129 2180 1155 2204 s.
1183 2173 1236 2211 33,
1265 2172 1318 2212 15,
1342 2172 1373 2203 6.

1016 2219 1046 2248 5.
1073 2227 1119 2248 ea·
1144 2216 1293 2249 adverso
1317 2215 1595 2258 Peloponnesum
1610 2239 1618 2247 .
1634 2217 1654 2255 .]

970 2261 1042 2294 dies
1068 2271 1139 2294 war
1164 2261 1318 2304 wichtig,
1343 2261 1384 2294 da
1410 2271 1488 2293 man
1509 2260 1572 2293 mit
1588 2259 1654 2293 den

969 2307 1123 2339 Achaern
1145 2307 1180 2340 in
1194 2306 1418 2349 Verbindung
1430 2308 1541 2339 treten
1555 2306 1655 2339 woll-

969 2356 1019 2390 te;
1036 2362 1062 2385 s.
1078 2353 1132 2393 21,
1147 2355 1178 2385 7.
1191 2372 1236 2376 —
1249 2353 1385 2394 eoev‘guo
1397 2353 1510 2383 maris
1522 2352 1653 2393 spatio]

969 2408 1032 2430 nur
1045 2397 1151 2431 durch
1166 2398 1264 2431 einen
1279 2397 1442 2440 geringen
1453 2396 1572 2433 Raum.
1588 2396 1652 2429 den

970 2443 1030 2475 das
1055 2442 1148 2476 Meer
1173 2443 1352 2477 einnimmt
1376 2442 1450 2483 (der
1474 2451 1536 2475 aus
1561 2441 1654 2475 Meer

968 2488 1130 2529 besteht).
1164 2508 1206 2513 --
1240 2490 1283 2521 ab
1316 2489 1430 2530 tergo]
1463 2497 1564 2521 wenn
1594 2487 1655 2520 der

969 2533 1186 2578 Peloponnes
1205 2546 1251 2567 em
1270 2534 1417 2567 adverso
1434 2542 1518 2576 war,
1534 2542 1574 2566 so
1597 2532 1654 2575 lag
