1747 2828
182 91 261 130 176
603 92 728 125 LIBER
751 91 883 128 xxxu.
930 92 1024 126 cAP.
1051 94 1105 127 3s.
1131 94 1184 127 39.
1424 106 1621 133 amam-1.

178 209 294 247 melia
315 214 354 247 et
375 207 611 247 laceratione
634 220 848 259 corporum
870 208 1039 257 dimissi;
1072 221 1172 259 quos
1203 208 1383 248 occulere
1405 215 1472 248 aut
1492 215 1619 250 retra-

177 265 274 305 here
295 265 441 316 aliquid
463 265 635 316 suspicio
657 265 749 311 fuit,
779 265 819 304 in
848 266 1029 305 servilem
1051 265 1210 304 modum
1232 265 1390 305 lacerati
1413 271 1530 318 atque
1552 279 1621 306 ex-

132 330 150 361 9
180 323 286 361 torti.
328 322 516 361 contione
539 322 631 361 inde
653 323 837 361 advocata
858 322 1086 373 rogationes
1115 322 1400 374 promulgavit,
1429 336 1552 362 unam
1573 324 1622 363 de

175 379 320 419 tabulis
343 379 474 425 novis,
505 379 668 418 alteram
690 379 736 418 de
758 391 852 431 agro
872 380 1016 418 viritim
1045 379 1274 427 dividendo,
1303 380 1400 419 duas
1420 381 1525 420 faces
1546 394 1621 420 no-

106 439 156 476 39
180 436 363 475 vantibus
384 448 448 475 res
469 436 515 474 ad
538 436 692 487 plebem
717 436 757 475 in
776 436 984 488 optimates
1005 436 1311 476 accendendam.
1347 442 1557 489 postquam
1578 438 1620 477 in

177 499 370 545 potestate
392 493 626 544 Argivorum
656 493 790 533 civitas
812 500 914 539 erat,
948 494 1045 532 nihil
1077 494 1161 533 eius
1181 506 1335 533 memor
1354 499 1570 546 tyrannus,
1600 507 1621 533 a

128 558 146 589 2
177 563 256 602 quo
279 563 363 589 eam
386 550 578 589 civitatem
609 556 647 589 et
676 551 716 589 in
748 563 864 602 quam
896 550 1173 589 condicionem
1203 551 1438 602 accepisset,
1472 551 1622 603 legatos

175 608 343 647 Elatiam
365 608 410 646 ad
429 607 661 652 Quinctium
683 614 721 647 et
737 608 788 647 ad
804 607 976 647 Attalum
993 608 1167 659 Aeginae
1189 607 1469 647 hibernantem
1489 608 1621 656 mittit,

178 665 245 716 qui
269 665 501 703 nuntiarent
522 666 649 716 Argos
670 665 710 703 in
734 670 925 716 potestate
946 677 1015 704 sua
1039 677 1144 704 esse:
1175 677 1222 704 eo
1244 665 1275 705 si
1298 665 1450 704 veniret
1469 664 1621 711 Quinc·

174 723 252 761 tius
283 721 327 760 ad
353 721 607 772 colloquium,
631 735 712 761 non
739 722 916 761 diffidere
937 722 1009 761 sibi
1037 722 1169 761 omnia
1190 734 1281 761 cum
1297 734 1343 761 eo
1362 728 1620 761 conventura.

125 785 143 817 3
175 779 404 825 Quinctius,
435 785 479 816 ut
501 792 547 818 eo
569 792 729 830 quoque
751 779 947 830 praesidio
971 779 1196 830 Philippum
1226 779 1413 827 nudaret,
1445 792 1537 818 cum
1552 779 1621 818 ad-

176 836 327 875 nuisset
348 848 389 875 se
412 843 622 875 venturum
636 867 644 882 ,
674 836 793 875 mittit
814 836 860 875 ad
882 836 1075 883 Attalum,
1101 842 1144 879 ut
1164 836 1211 875 ah
1234 836 1385 887 Aegina
1407 836 1621 888 Sicyonem

125 899 145 931 4
175 892 520 941 sibioccurrere13
552 894 635 944 ipse
665 893 713 931 ab
736 893 923 944 Anticyra
952 894 1087 931 decem
1118 893 1492 944 quinqueremibus,
1523 905 1621 944 quas

175 949 222 988 iis
244 950 346 988 sorte
368 950 463 1001 ipsis
484 950 624 989 diebus
641 950 684 988 L.
703 949 913 995 Quinctius
933 951 1055 989 frater
1076 950 1160 989 eius
1181 950 1398 989 adduxerat
1417 962 1465 989 ex
1485 949 1621 990 hiber-

127 1014 145 1045 5
176 1006 238 1045 nis
260 1006 468 1058 Corcyrae,
491 1008 702 1059 Sicyonem
724 1006 903 1045 tramisit.
945 1007 1020 1045 iarn
1052 1006 1106 1045 ibi
1127 1007 1280 1046 Attalus
1305 1012 1408 1055 erat;
1439 1007 1508 1058 qui
1528 1019 1621 1046 cum

173 1069 345 1115 tyranno
368 1064 414 1102 ad
436 1064 659 1103 Romanum
688 1065 989 1115 imperatorem,
1020 1076 1103 1102 non
1126 1063 1307 1102 Romano
1335 1063 1383 1102 ad
1404 1069 1620 1115 tyrannum

175 1121 348 1159 eundum
373 1121 539 1167 diceret,
571 1121 609 1159 in
633 1120 870 1160 sententiam
896 1133 1007 1160 suani
1030 1120 1261 1166 Quinctium
1284 1120 1475 1169 traduxit,
1506 1134 1556 1160 ne
1577 1121 1618 1160 in

176 1232 247 1264 tion
284 1233 591 1275 ausgeschrieben,
630 1233 695 1265 wie
733 1235 862 1275 stipen-

175 1278 293 1317 dium,
328 1278 567 1321 frumentum,
599 1279 730 1311 milites
756 1280 863 1321 impe-

174 1334 273 1360 rare;
304 1333 329 1356 S.
357 1326 411 1364 38,
443 1326 493 1365 13,
522 1327 560 1357 13
589 1335 621 1357 u.
647 1335 677 1359 a.

222 1370 252 1401 55.
276 1371 472 1410 retrahere]
494 1388 538 1399 =
553 1372 771 1410 subtrahere,
789 1364 863 1402 ‘zu-

175 1412 450 1451 rfickbehalten':
475 1426 501 1448 s.
521 1415 614 1449 Suet.
634 1416 728 1449 Caes.
747 1418 801 1449 41.
818 1434 864 1439 -—-

176 1461 325 1500 eaetortz]
352 1460 412 1493 das
432 1460 673 1503 Kompositum
692 1462 735 1494 ist
754 1462 786 1493 in
806 1461 864 1493 der

176 1504 380 1548 Bedeutung
398 1505 458 1539 des
476 1506 627 1550 Simplex
646 1507 771 1543 selten:
791 1506 863 1549 vgl.

173 1549 262 1583 Plin.
280 1550 341 1594 Ep.
361 1554 392 1588 8.
412 1553 442 1586 8.
461 1554 499 1585 9:
519 1554 681 1584 omnibus
696 1554 863 1585 membris

175 1598 342 1628 extortus
353 1601 385 1629 et
393 1596 551 1636 fractus:
567 1598 650 1631 iiber
664 1598 719 1631 die
735 1598 863 1630 furcht-

174 1641 255 1674 bare
282 1641 396 1675 Folter
427 1642 486 1676 des
513 1643 696 1687 Tyrannen
733 1654 761 1676 s.
786 1643 859 1676 Pol.

178 1689 230 1722 13.
258 1689 288 1720 Τ.

219 1734 252 1766 9.
283 1735 531 1775 rogationes*]
566 1745 671 1767 voran
698 1734 757 1767 der
782 1733 861 1767 Plu·

173 1777 234 1819 ral,
260 1777 348 1811 dann
376 1790 486 1812 unam
503 1805 512 1813 .
532 1807 538 1813 .
558 1782 725 1817 alteram
753 1790 780 1813 s.
807 1781 860 1820 39,

175 1825 232 1861 10;
263 1826 366 1865 8,12,
390 1827 446 1862 14;
474 1827 657 1867 29,17,3;
684 1827 810 1866 34‚16‚
833 1827 862 1859 1.

172 1870 228 1907 58,
252 1872 284 1907 1;
312 1872 365 1911 38,
384 1872 494 1911 29,1;
521 1873 647 1912 42,12,
666 1875 704 1910 ὃς
731 1873 861 1911 45,13,

175 1916 227 1947 14.
247 1916 299 1957 19,
314 1917 354 1954 3;
376 1917 601 1950 verschieden
622 1918 666 1950 ist
685 1919 739 1959 36,
754 1919 786 1957 7,
804 1919 859 1950 11:

174 1971 266 2002 qnae
296 1973 353 1993 res
382 1963 472 1994 milii
495 1963 669 2002 fiduciam
690 1965 862 2005 praebet?

171 2016 246 2038 una
263 2030 292 2039 ..
318 2026 363 2030 —
390 2008 431 2039 de
457 2010 589 2041 tabulis
613 2011 726 2049 novis]
752 2018 780 2042 S.
807 2009 861 2049 42,

175 2052 227 2090 13,
243 2053 278 2089 9ς
299 2051 610 2097 Schuldentilgung
628 2054 696 2087 und
714 2053 861 2086 Lander-

172 2097 368 2140 verteilung
390 2100 455 2132 wie
472 2100 507 2131 in
526 2099 627 2135 Rom:
654 2109 680 2132 s.
704 2101 732 2139 1,
749 2101 805 2140 46,
826 2101 859 2136 1;

173 2143 205 2183 2,
219 2144 274 2181 41,
290 2144 309 2176 3
327 2154 360 2176 u.
379 2154 408 2176 a.
426 2164 471 2167 —
493 2147 642 2185 viritim]
661 2156 686 2178 s.
706 2147 737 2185 4,
756 2146 810 2185 48,
827 2143 859 2177 2.

171 2207 216 2211 —
242 2187 351 2230 faces]
387 2190 455 2232 vgl.
483 2193 514 2231 8,
540 2192 593 2227 32,
625 2192 679 2223 16:
712 2190 861 2222 subdere

172 2235 292 2275 ignem
311 2261 318 2267 .
337 2261 344 2267 .
362 2236 540 2269 seditioni.
571 2255 614 2259 -—
645 2237 861 2268 novantibus

174 2281 242 2319 res]
256 2279 362 2313 Nabis
376 2281 511 2319 richtet,
528 2282 594 2314 wie
611 2291 646 2314 er
660 2290 697 2314 es
711 2281 745 2314 in
759 2281 860 2314 Lace-

174 2324 298 2358 damon
315 2326 422 2359 sehon
437 2327 562 2370 gethan
578 2326 861 2367 (s.34,31,11ff.),

174 2369 210 2402 in
234 2371 346 2413 Argos
372 2373 458 2406 nach
477 2372 764 2415 Unterdriickung
793 2372 859 2405 und

173 2414 388 2460 Verarmung
406 2418 464 2452 der
482 2418 677 2461 Optimaten
704 2419 780 2451 eine
798 2417 863 2451 De—

175 2460 345 2495 mokratie
371 2464 443 2503 ein,
477 2465 510 2497 in
536 2464 668 2498 welche
694 2464 780 2497 auch
806 2463 860 2496 die

179 2505 439 2542 Schlechtesten
478 2511 741 2553 ausgenommen
772 2519 862 2542 wur-

177 2550 263 2590 den3
289 2553 356 2594 vgl.
383 2554 569 2598 Hertzberg
595 2560 648 2589 5¹).
676 2558 729 2589 75.

977 1231 1040 1267 39.
1079 1235 1107 1265 1,
1144 1235 1182 1264 z'n
1205 1235 1393 1275 potestate]
1420 1232 1521 1265 naml.
1546 1232 1621 1266 Na-

934 1278 1035 1318 bidis,
1053 1278 1121 1311 wie
1135 1277 1194 1311 der
1207 1278 1504 1321 Zusammenhang
1517 1278 1619 1322 zeigt.

933 1343 978 1347 —
1004 1325 1092 1364 eius]
1111 1324 1156 1356 ist
1174 1323 1310 1363 Neutr.;
1337 1334 1363 1357 s.
1382 1334 1424 1356 zu
1442 1326 1472 1365 2,
1490 1326 1545 1365 47,
1567 1325 1618 1358 12.

980 1371 1012 1401 2.
1038 1369 1233 1410 Elatiam]*
1249 1388 1294 1392 -—
1310 1371 1349 1401 in
1364 1373 1538 1412 potestate
1552 1380 1619 1403 sua

935 1415 1018 1456 esse]
1053 1415 1128 1447 dass
1160 1425 1195 1448 er
1226 1415 1312 1448 iiber
1336 1415 1446 1458 Argos
1477 1425 1519 1449 zu
1543 1425 1621 1449 ver-

934 1460 1055 1503 ftigen.
1089 1460 1144 1493 die
1179 1459 1279 1493 Stadt
1310 1460 1396 1493 alles
1420 1459 1530 1494 Recht
1560 1460 1620 1494 der

935 1505 1286 1548 Selbstbestimmung
1320 1506 1479 1540 verloren
1512 1506 1618 1544 habe:

933 1561 959 1583 s.
986 1552 1017 1591 6,
1050 1554 1099 1593 10,
1125 1554 1162 1589 3;
1190 1553 1220 1592 8,
1249 1553 1300 1591 19,
1326 1553 1382 1589 12;
1409 1553 1464 1593 42,
1482 1554 1537 1593 47,
1559 1554 1618 1586 10:

932 1598 971 1628 in
984 1600 1160 1639 potestate
1177 1598 1318 1636 Ιιαόενες
1346 1597 1415 1640 vgl.
1435 1600 1489 1639 31,
1507 1599 1562 1639 45,
1581 1600 1617 1631 4:

932 1653 1018 1674 snae
1038 1644 1230 1685 potestatis
1254 1654 1335 1676 esse.

979 1689 1010 1721 3.
1058 1689 1252 1731 praesidio]
1291 1685 1615 1731 ‘Untersttitzung’.

932 1732 1011 1766 Erst
1036 1734 1108 1767 hier
1133 1733 1250 1767 deutet
1266 1733 1338 1767 Liv.
1363 1733 1429 1767 den
1447 1733 1533 1767 Plan
1558 1733 1619 1768 des

933 1778 1113 1818 Quinctius
1131 1790 1185 1820 an,
1209 1779 1347 1822 Philipp
1366 1779 1450 1813 aller
1466 1779 1620 1813 Bundes-

933 1834 1105 1867 genossen
1119 1835 1159 1858 zu
1174 1825 1349 1858 berauben
1361 1824 1431 1858 und
1446 1825 1535 1858 dann
1549 1828 1620 1859 erst

932 1870 991 1903 ihn
1016 1871 1247 1914 anzugreisen.
1287 1870 1400 1904 Durch
1430 1870 1618 1904 denselben

932 1916 1108 1949 bestimmt
1132 1916 1348 1950 entschliesst
1371 1926 1408 1949 er
1431 1916 1524 1957 sich,
1555 1917 1619 1949 mit

933 1961 1010 1994 dem
1028 1962 1281 1995 schlechtesten
1303 1961 1364 1995 der
1379 1961 1565 2006 Tyrannen
1582 1962 1617 1995 in

934 2006 1156 2050 Verbindung
1180 2018 1222 2040 zu
1248 2009 1375 2047 treten,
1404 2007 1474 2040 und
1500 2007 1618 2041 wurde

932 2052 1021 2085 ohne
1031 2052 1176 2085 Attalus·
1186 2052 1399 2095 Erinnerung
1412 2053 1522 2086 selbst
1530 2053 1617 2086 nach

931 2097 1041 2140 Argos
1066 2107 1247 2141 gegangen
1271 2098 1356 2131 sein.
1394 2117 1437 2122 —
1468 2099 1537 2131 sibi
1561 2109 1619 2132 oe-

932 2145 1103 2185 curreret]
1126 2154 1193 2177 von
1213 2144 1289 2178 dem
1307 2143 1454 2186 Begriffe
1476 2143 1536 2177 der
1551 2143 1618 2177 Be-

931 2198 1081 2231 wegung
1106 2189 1213 2232 hangt
1245 2189 1401 2233 zugleich
1428 2189 1618 2233 Sicyonem

931 2234 991 2272 θὴς
1019 2244 1045 2267 S.
1072 2236 1126 2277 22,
1155 2238 1206 2277 ll,
1232 2237 1263 2269 3.

975 2282 1007 2312 4.
1033 2281 1079 2312 iis
1099 2304 1107 2313 .
1131 2307 1138 2314 .
1162 2282 1262 2324 ipsis]
1287 2283 1376 2324 ipsis
1399 2280 1486 2314 wird
1510 2279 1616 2314 durch

931 2325 1266 2370 Zwischenstellung
1297 2336 1367 2360 von
1396 2325 1492 2365 sorte
1526 2326 1616 2359 noch

931 2370 1100 2413 gehoben.
1126 2392 1170 2396 -—
1195 2374 1356 2406 hibernis
1374 2372 1565 2416 Corcyrae]
1587 2381 1615 2405 s.

931 2426 973 2449 zu
1000 2418 1053 2455 23,
1080 2418 1134 2458 32,
1164 2421 1198 2451 1:
1225 2419 1407 2452 excercitus
1434 2417 1557 2451 Teani.

978 2464 1008 2495 5.
1038 2472 1081 2494 ne
1107 2489 1114 2498 .
1141 2488 1149 2496 .
1175 2464 1256 2506 iret]
1281 2465 1316 2497 in
1340 2466 1380 2495 in
1403 2465 1617 2495 sententiam

929 2517 1033 2539 suam
1058 2533 1066 2541 .
1091 2533 1099 2541 .
1126 2510 1297 2542 traduoeit
1327 2510 1373 2542 ist
1405 2508 1465 2542 der
1488 2507 1620 2552 Begriff

931 2552 990 2585 des
1016 2553 1184 2587 Abratens
1210 2565 1272 2588 nur
1295 2553 1513 2596 angedeutet.
