1795 2844
71 86 98 105 a.
113 77 177 105 Chr.
191 85 220 104 n.
243 76 302 104 197.

508 65 635 100 LIBER
659 65 803 100 xxxlss.
851 65 945 100 CAP.
972 69 1002 101 9,
1032 69 1082 101 10.
1464 64 1515 105 17

76 181 125 223 ab
145 189 256 234 tergo
278 182 439 222 adortus
461 194 542 221 non
559 182 775 231 turbasset;
799 188 973 222 ceterum
995 183 1041 222 ad
1064 196 1316 224 communem
1339 185 1516 226 omnium

78 240 119 280 in
135 239 202 279 tali
217 252 260 279 re
276 239 580 292 trepidationem
597 240 772 287 accessit,
805 240 909 292 quod
926 239 1095 292 phalanx
1111 241 1370 282 Macedonum
1393 243 1520 294 gravis
1552 251 1587 283 10

75 303 194 350 atque
213 296 427 336 immobilis
449 310 522 337 nec
539 298 805 349 circumagere
835 310 877 336 se
893 304 1060 350 poterat,
1085 311 1158 338 nec
1173 299 1249 339 hoc
1267 300 1333 352 qui
1350 312 1371 340 a
1388 300 1517 340 fronte

75 353 194 407 paulo
216 360 308 394 ante
336 354 475 406 pedem
505 355 722 394 referentes
743 360 839 394 tunc
869 354 974 394 ultro
1001 356 1145 395 territis
1176 357 1374 397 instabant
1394 358 1518 410 patie-

79 411 236 451 bantur.
271 411 317 451 ad
336 413 412 451 hoc
432 411 520 451 loco
543 411 658 451 etiam
677 411 972 464 premebantur,
996 413 1085 465 quia
1107 413 1256 465 iugum,
1279 427 1323 454 ex
1348 427 1426 467 quo
1443 428 1518 468 pu·
1551 422 1588 455 11

76 475 305 520 gnaverant‚
327 469 422 509 dum
443 481 514 521 per
534 468 707 521 proclive
727 469 864 521 pulsos
886 469 1132 519 insecuntur,
1154 471 1394 512 tradiderant
1413 473 1518 513 hosti

74 525 122 566 ad
143 532 253 578 terga
274 538 344 566 sua
367 526 649 566 circumducto.
672 525 873 579 paulisper
893 526 934 566 in
956 527 1085 567 medio
1101 529 1216 576 caesi,
1239 528 1380 569 deinde
1397 530 1517 570 omis-

73 583 127 623 sis
148 582 330 636 plerique
350 583 468 623 armis
490 590 702 636 capessunt
724 584 868 635 fugam.

188 640 396 693 Philippus
417 652 507 680 cum
530 641 665 693 paucis
693 641 869 694 peditum
891 642 1147 694 equitumque
1168 643 1297 695 primo
1319 644 1516 684 tumulum
1540 649 1587 684 10

72 697 250 738 altiorem
271 697 375 737 inter
395 705 547 737 ceteros
569 698 687 750 cepit,
716 704 760 738 ut
781 698 1065 752 specularetur,
1096 712 1195 752 quae
1217 701 1257 739 in
1280 700 1385 740 laeva
1408 708 1518 754 parte

73 766 238 794 suorum
258 754 417 794 fortuna
439 762 560 804 esset3
585 755 748 803 deinde,
771 763 982 808 postquam
1004 757 1137 809 sugam
1160 758 1322 797 effusam
1344 759 1521 799 animad-
1550 766 1569 799 2

73 812 189 851 vertit
210 817 249 851 et
270 812 403 851 omnia
424 812 528 852 circa
549 812 640 864 iuga
662 813 785 864 signis
807 820 924 866 atque
946 814 1065 854 armis
1088 814 1254 866 fulgere,
1276 822 1361 855 turn
1379 823 1416 856 et
1432 816 1517 869 ipse

72 868 155 908 acie
179 869 356 909 excessit.
401 868 611 915 Quinctius
633 882 723 910 cum
744 870 951 911 institisset
974 871 1218 920 cedentibus,
1240 880 1405 926 repente
1426 874 1516 926 quia
1552 881 1570 912 3

72 925 270 977 erigentes
299 927 430 966 hastas
452 927 686 967 Macedonas
715 934 998 981 conspexerat,
1029 929 1217 982 quidnam
1246 938 1431 983 pararent
1456 931 1517 970 in-

75 990 228 1031 certus,
249 983 452 1037 paulisper
474 984 645 1024 novitate
665 985 723 1025 rei
744 986 951 1026 constituit
971 986 1104 1038 signa3
1126 987 1281 1035 deinde,
1303 995 1346 1028 ut
1368 989 1522 1042 accepit
1552 996 1569 1028 4

71 1040 180 1081 hunc
201 1053 352 1081 morem
375 1053 461 1081 esse
483 1041 743 1082 Macedonum
764 1044 1004 1083 tradentium
1026 1056 1132 1092 sese,
1163 1057 1324 1097 parcere
1344 1045 1457 1085 victis
1477 1046 1517 1085 in

71 1098 203 1138 animo
227 1098 406 1138 habebat.
458 1105 632 1139 ceterum
654 1099 701 1139 ab
733 1100 880 1152 ignaris
901 1101 1107 1149 militibus,
1131 1103 1315 1141 omissam
1337 1103 1384 1142 ab
1406 1104 1520 1143 hoste
1551 1113 1568 1143 5

71 1167 247 1208 pugnam
277 1162 314 1195 et
346 1155 441 1209 quid
473 1156 686 1209 imperator
714 1157 850 1207 vellet,
880 1159 1052 1211 impetus
1073 1159 1113 1198 in
1137 1172 1204 1199 eos
1226 1166 1284 1199 est
1305 1160 1450 1207 factus,
1481 1168 1518 1200 et

71 1212 210 1265 primis
238 1213 362 1252 caesis
395 1213 517 1253 ceteri
548 1214 587 1252 in
617 1214 750 1266 fugam
780 1215 957 1268 dissipati
988 1223 1092 1255 sunt.
1145 1229 1211 1257 rex
1242 1217 1365 1256 effuso
1399 1230 1518 1258 cursu
1548 1227 1567 1258 6

72 1301 313 1345 hinzugeffigt,
345 1311 403 1335 um
436 1302 497 1336 das
517 1302 691 1346 Folgende
717 1314 759 1336 zu

71 1347 196 1382 heben.
221 1367 264 1372 —
292 1358 512 1380 communem
526 1375 533 1382 .
549 1373 557 1382 .
573 1350 759 1392 trepidati-

71 1392 204 1434 onem*]
230 1393 275 1427 ist
299 1394 367 1427 wie
393 1393 452 1427 der
475 1393 758 1438 vorhergehende

71 1439 166 1479 Satz,
191 1439 258 1472 den
282 1439 336 1472 die
361 1438 482 1473 Worte
507 1450 570 1473 nur
594 1441 629 1473 in
655 1440 757 1475 ande-

73 1495 127 1519 rer
151 1484 176 1518 F
179 1494 251 1518 orm
264 1484 510 1527 wiederholen‚
536 1496 592 1519 um
610 1485 674 1520 den
693 1486 757 1520 Ge-

73 1534 215 1574 gensatz
241 1530 447 1574 anzusfigen,
473 1530 694 1566 kondizional
712 1543 754 1566 zu

71 1573 379 1619 nehmen‚=‘den
405 1577 471 1611 alle
494 1602 503 1611 .
519 1604 527 1612 .
547 1578 675 1621 gehabt
699 1579 759 1612 ba—

71 1622 139 1656 ben
163 1618 336 1658 wurden'.

121 1669 173 1702 10.
197 1669 363 1712 phalanoe
377 1695 385 1702 .
399 1694 420 1709 .,
445 1679 510 1702 nec
534 1669 622 1702 hoc*
637 1696 644 1704 .
659 1671 682 1710 .]
705 1669 759 1704 die

72 1713 172 1747 Form
197 1713 259 1748 des
285 1714 405 1748 Satzes
431 1715 499 1748 wie
527 1716 588 1755 31,
613 1718 668 1757 45,
700 1717 758 1750 13:

67 1759 246 1803 praedam
273 1760 343 1803 vgl.
364 1761 396 1801 9,
410 1762 443 1802 4,
468 1763 500 1795 9.
532 1780 578 1786 —
609 1763 761 1794 circum-

73 1815 181 1848 agere
213 1807 261 1846 se]
300 1805 370 1848 vgl.
396 1808 459 1848 44,
485 1808 548 1848 41,
584 1809 614 1840 7.
640 1827 685 1831 —-
710 1819 765 1840 re-

72 1850 240 1892 ferentes]
254 1861 334 1884 man
360 1855 521 1886 erwartet
547 1863 627 1885 cum
650 1857 763 1886 rettu-

75 1898 199 1930 lissent
221 1896 306 1931 oder
330 1901 504 1940 regressi;
530 1898 600 1942 vgl.
629 1901 681 1941 17,
703 1901 761 1939 12;

72 1941 167 1976 Pol.:
185 1941 492 1987 συνεπιθεμένων
506 1939 628 1978 αὐτοῖς
645 1945 684 1977 ἐκ
699 1957 759 1988 με-

72 1986 235 2032 ταβολῆς
258 1991 320 2021 καὶ
343 1989 423 2022 τῶν
447 1987 540 2023 κατὰ
557 1988 761 2035 πρόσωπον

74 2031 345 2080 ἐγκεκλικότων.

122 2083 175 2114 11.
201 2080 249 2112 ad
269 2082 335 2113 Ιιοο
350 2106 358 2114 .
373 2106 380 2115 ,
397 2082 654 2123 circumducto]
690 2082 761 2116 die-

73 2136 135 2160 sen
171 2125 339 2167 zweiten‚
386 2126 447 2161 das
473 2126 761 2171 Vorhergehende

75 2171 295 2215 steigernden
321 2171 436 2206 Grund
462 2173 520 2207 hat
544 2174 616 2207 Liv.
642 2174 761 2207 hinzu-

75 2217 205 2261 geffigt.
230 2237 275 2241 —
295 2229 364 2261 per·
385 2219 558 2262 proclive]
576 2219 607 2253 d.
625 2219 658 2253 h.
677 2220 763 2254 fiber

77 2263 143 2297 den
166 2263 314 2307 Abhang
345 2264 432 2298 nach
463 2265 542 2299 dem
567 2266 760 2299 romischen

72 2309 181 2352 Lager
205 2319 258 2350 zu,
284 2309 352 2343 wie
377 2313 408 2352 7,
430 2312 481 2344 12.
502 2330 544 2336 —
563 2312 667 2345 dum.
682 2338 691 2346 ,
708 2315 760 2344 ἰη-

74 2357 256 2398 secuntur,
280 2356 520 2398 tradiderant]
543 2367 569 2393 s.
584 2359 638 2399 21,
652 2359 705 2398 29,
725 2359 759 2395 1:

74 2413 120 2426 =
145 2400 194 2433 sie
225 2400 344 2435 hatten
376 2412 413 2435 es
447 2403 662 2446 aufgegeben
691 2403 759 2437 und

76 2444 154 2478 dem
178 2445 304 2480 Feinde
328 2447 546 2491 fiberlassen,
571 2459 609 2483 so
626 2449 699 2482 dass
725 2459 761 2483 er

77 2516 84 2524 .
101 2517 108 2525 .
121 2490 263 2528 konnte.
277 2511 321 2517 —
336 2495 485 2535 omissis]
499 2494 570 2538 vgl.
587 2497 640 2536 21,
657 2496 687 2537 S,
709 2497 758 2529 12.

121 2535 183 2571 10.
202 2539 231 2571 1.
257 2540 432 2572 tumulum
446 2565 455 2573 .
469 2565 478 2574 .
493 2542 596 2584 cepit]
620 2541 677 2574 hat
696 2540 759 2574 Po-

146 2597 184 2625 T:
194 2597 254 2626 Liv.
265 2597 314 2626 vn
325 2600 349 2626 2.
371 2600 396 2629 3.
411 2601 483 2629 Auss.

831 1305 947 1349 lybios
972 1305 1077 1347 nicht,
1104 1305 1274 1349 dagegen:
1311 1306 1517 1342 συνθεασά-

828 1361 934 1393 μενος
959 1348 1066 1396 ἄφνω
1094 1351 1316 1396 ῥιπτοῦντας
1349 1352 1394 1387 τὰ
1420 1350 1517 1389 ὅπλα

828 1394 912 1430 τοὺς
937 1394 1060 1430 Maaoed
1070 1394 1148 1431 ’νας
1163 1424 1169 1431 .
1185 1424 1192 1431 .
1209 1425 1214 1430 .
1229 1397 1346 1444 βραχὺ
1371 1398 1516 1445 γενόμε-

827 1453 887 1475 νος
912 1443 950 1475 ἐκ
974 1443 1037 1476 τοῖ
1064 1440 1246 1477 κινδύνου.

874 1490 904 1522 2.
915 1489 1031 1530 signis
1044 1492 1078 1521 et
1089 1492 1212 1531 armis]
1223 1491 1324 1524 naml.
1335 1491 1516 1533 romische,

828 1534 894 1568 wie
913 1533 973 1568 der
986 1534 1284 1579 Zusammenhang
1301 1537 1407 1579 zeigt;
1423 1537 1517 1572 Pol.:

829 1577 1059 1622 κατανοήσας
1073 1578 1113 1614 δὲ
1125 1579 1412 1626 τοὺς“Ρωμαιόυς
1425 1582 1519 1618 κατὰ

829 1624 872 1659 τὸ
899 1623 1042 1681 δίωῖμα
1066 1627 1130 1660 τοῦ
1164 1625 1267 1661 λαιοῦ
1303 1630 1415 1674 κέρως
1445 1632 1518 1665 τοῖς

829 1669 951 1718 ἄκροις
964 1670 1030 1714 ηδη
1045 1672 1374 1720 προσπελάζοντας.
1390 1695 1433 1699 -
1447 1675 1518 1714 sul-

829 1720 929 1760 ,ις-ονε]
954 1728 981 1751 s.
1007 1720 1069 1760 28,
1099 1721 1149 1760 14,
1180 1722 1232 1753 10.
1265 1740 1310 1744 —
1342 1723 1428 1761 tum]
1472 1723 1518 1755 im

834 1763 1044 1802 Nachsatze;
1072 1775 1098 1798 s.
1128 1768 1180 1805 17,
1206 1768 1242 1804 4;
1274 1769 1301 1807 1,
1327 1769 1382 1807 54,
1409 1769 1439 1800 3.

882 1811 912 1843 3.
939 1811 1136 1851 institisset]
1162 1810 1252 1845 Pol.:
1279 1814 1353 1845 τοῖς
1370 1808 1518 1859 φεύγου-

832 1865 892 1887 σιν
931 1853 1104 1898 ἑπόμενος
1136 1858 1197 1889 καὶ
1228 1856 1454 1901 καταλαβών
1480 1860 1519 1892 ἐν

831 1902 909 1933 ταῖς
933 1897 1153 1946 ὑπερβολαῖς
1177 1899 1260 1948 ἄρτι
1293 1906 1366 1937 τοῖς
1398 1902 1519 1949 ἄκροις

832 1943 1097 1989 ἐπιβαλλούσας
1127 1948 1214 1991 (vgl.
1242 1950 1284 1990 9,
1311 1952 1349 1983 5:
1390 1952 1427 1982 in
1465 1953 1518 1983 in-

827 2002 916 2034 gum
929 2017 938 2026 .
954 1996 987 2033 A,
1014 1991 1077 2026 τὰς
1089 1989 1296 2037 εὐωνύμους
1309 1993 1427 2035 τάξεις
1439 1996 1518 2030 τῶν

832 2035 1072 2073 ῙῑΙακεδόνων.
1089 2058 1135 2064 -
1152 2041 1281 2082 hastas]
1308 2051 1335 2076 S.
1351 2043 1382 2082 8,
1404 2044 1456 2076 13.
1475 2062 1519 2067 —

830 2084 1025 2125 noz·itate*]
1051 2096 1078 2119 s.
1093 2088 1125 2127 4,
1146 2087 1197 2127 19,
1213 2088 1250 2124 6;
1277 2088 1309 2128 9,
1336 2089 1390 2130 38,
1406 2089 1440 2126 2;
1461 2090 1516 2129 21,

831 2131 862 2171 2,
881 2132 912 2163 3.
933 2132 986 2171 22,
1007 2133 1043 2169 7;
1071 2133 1124 2173 28,
1144 2133 1198 2173 23,
1216 2135 1253 2171 4;
1281 2134 1334 2174 30,
1350 2136 1380 2174 5,
1396 2135 1514 2172 9u.a.;

830 2175 901 2219 vgl,
916 2178 969 2217 31,
986 2178 1039 2217 21,
1058 2179 1109 2212 11.
1128 2197 1170 2202 —
1189 2181 1376 2211 constitnit
1398 2182 1515 2221 st'gna]

830 2230 857 2254 S.
884 2224 938 2263 27,
969 2223 1019 2263 16,
1048 2225 1099 2257 11.

876 2270 907 2301 -1,
934 2268 1088 2310 animo]*

877 2315 908 2347 5.
933 2316 1073 2356 primis]
1099 2313 1189 2348 Pol.:
1220 2313 1303 2349 wis
1326 2316 1394 2358 μὲν
1418 2314 1515 2349 πλεί-

830 2370 887 2392 ους
904 2355 1130 2405 διέφθειρον,
1148 2356 1262 2405 ὀλίγοι
1279 2358 1321 2393 δέ
1335 2371 1430 2394 τινες
1447 2358 1516 2394 διέ-

831 2417 947 2450 φυγον
972 2404 1146 2449 ῥίψαντες
1170 2406 1213 2439 τὰ
1239 2402 1345 2440 ὅπλα.

876 2454 907 2485 6.
933 2452 1045 2491 effuso
1072 2461 1179 2484 eursu
1195 2477 1201 2484 .
1217 2454 1237 2493 .]
1257 2462 1407 2495 genauer
1424 2452 1515 2487 Pol.:

829 2491 846 2527 ὁ
888 2497 956 2538 μὲν
989 2494 1172 2530 Φίλιππος
1202 2498 1360 2531 ἐποιεῖτο
1385 2496 1452 2541 τὴν
1476 2495 1516 2532 ἀ-

830 2539 1041 2585 ποχώρησιν
1068 2540 1114 2576 ὡς
1139 2544 1200 2576 ἐπὶ
1217 2542 1261 2576 τὰ
1288 2546 1418 2588 Τέμπη.
1456 2548 1517 2578 καὶ

1222 2602 1240 2634 2
