1747 2828
146 659 164 690 5

124 889 165 920 10

129 1978 170 2009 10

130 2205 171 2238 15

781 286 840 340 T.
873 284 1039 339 LIVI

336 381 397 420 AB
430 379 562 418 vnssi:
595 376 820 418 conTA
853 377 988 416 Llssni
1021 375 1181 416 xxxm
1214 375 1487 416 PEnlocHA.

281 470 319 505 T.
338 470 495 509 Quintius
514 468 724 502 Flamininus
750 468 934 510 proconsul
960 477 1037 500 cum
1056 466 1215 509 Philippo
1235 465 1277 498 ad
1299 465 1578 509 Cynoscephalas
1603 466 1638 499 in

189 516 366 549 Thessalia
393 516 464 549 acie
491 515 582 548 victo
601 513 800 547 debellavit.
838 513 872 546 L.
891 513 1050 552 Quintius
1072 512 1282 545 Flamininus
1309 511 1406 554 [ille]‚
1432 511 1535 544 frater
1560 522 1639 555 pro-

192 562 354 599 consulis,
379 562 575 595 Acarnanes
592 559 748 593 Leucade
766 559 861 597 urbe,
889 559 980 603 quod
999 562 1102 602 caput
1119 560 1171 591 est
1188 558 1416 597 Acarnanum,
1443 561 1640 601 expugnata

192 609 224 641 in
252 607 462 641 deditionem
488 606 631 648 accepit.
681 615 746 648 pax
772 606 901 648 petenti
925 604 1098 648 Philippo,
1123 603 1263 637 Graecia
1290 603 1446 644 liberata,
1471 602 1549 636 data
1575 606 1639 636 est.

190 654 331 687 Attalus
350 654 391 686 ab
409 652 537 686 Thebis
556 653 599 685 ob
626 651 774 684 subitam
792 650 1027 684 valetudinem
1046 649 1250 692 Pergamum
1274 648 1461 682 translatus
1479 648 1640 682 decessit.

191 700 225 732 C.
253 698 478 742 Sempronius
496 697 688 731 Tuditanus
714 702 853 739 praetor
878 697 921 729 ab
940 696 1120 729 Celtiberis
1147 705 1224 728 cum
1251 695 1403 728 exercitu
1429 704 1549 728 caesus
1576 698 1640 729 est.

191 744 225 778 L.
241 745 361 778 Furius
378 744 545 789 Purpurio
567 748 601 777 et
616 742 776 776 Claudius
792 741 974 775 Marcellus
998 741 1158 775 consules
1172 740 1277 774 Boios
1303 745 1336 774 et
1349 740 1508 774 Insubres
1522 739 1641 773 Gallos

193 791 413 833 subegerunt.
465 789 647 823 Marcellus
674 788 911 830 triumphavit.
958 787 1127 820 Hannibal
1160 787 1283 820 frustra
1310 786 1343 819 in
1369 786 1484 819 Africa
1509 785 1641 819 bellum

191 837 332 870 molitus
359 842 392 869 et
419 836 463 870 ob
490 836 554 868 hoc
573 835 735 868 Romanis
762 843 822 876 per
848 834 1014 876 epistulas
1040 835 1083 865 ab
1110 832 1276 866 adversae
1303 832 1461 865 factionis
1478 831 1641 875 principi-

191 882 255 916 bus
280 882 415 915 delatus
437 886 577 925 propter
601 884 730 913 metum
749 879 991 917 Romanorum,
1018 879 1077 922 qui
1097 879 1231 921 legatos
1257 877 1299 911 ad
1326 882 1483 911 senatum
1501 877 1642 910 Cartha-

191 928 396 971 giniensium
422 928 462 961 de
489 938 529 961 eo
557 927 741 963 miserant,
774 926 941 968 profugus
967 925 1009 958 ad
1033 924 1263 964 Antiochum,
1291 922 1413 968 Syriae
1439 933 1577 966 regem,
1603 932 1640 956 se

192 974 337 1007 contulit
364 973 492 1006 bellum
519 972 682 1006 adversus
710 971 882 1004 Romanos
907 974 1095 1014 parantem.

304 1064 668 1105 Abweichungen
696 1072 789 1094 vom
817 1061 929 1094 Text
954 1061 1025 1094 der
1049 1060 1305 1094 Jahnschen
1331 1058 1533 1102 Ausgabe

671 1108 860 1150 (Lipsiae
886 1109 1135 1148 ›incccm11).

283 1193 313 1224 2.
341 1190 399 1222 ille
424 1189 547 1233 getilgt
572 1189 658 1222 nach
685 1188 748 1221 den
771 1188 941 1230 jiingeren
968 1185 1043 1220 Hss.

788 1394 849 1448 Τ.
880 1393 1049 1448 LIVI

328 1487 390 1527 AB
422 1486 555 1526 VRBE
588 1485 810 1526 CONDITA
844 1484 980 1524 LIBRI
1013 1483 1192 1523 XXXIIII
1224 1482 1498 1523 PERIOCHA.

286 1566 353 1598 Lex
371 1565 491 1609 Oppia,
518 1575 620 1608 quam
645 1564 679 1597 C.
700 1564 830 1607 Oppius
857 1563 1014 1596 tribunus
1040 1562 1152 1605 plebis
1177 1561 1270 1596 bello
1297 1560 1427 1595 Punico
1454 1561 1496 1594 de
1521 1559 1644 1594 finien-

195 1611 246 1645 dis
272 1616 502 1644 matronarum
528 1610 678 1644 cultibus
704 1610 848 1647 tulerat,
883 1619 960 1642 cum
985 1619 1108 1652 magna
1134 1607 1355 1641 contentione
1385 1607 1552 1650 abrogata
1578 1610 1642 1648 est,

196 1667 272 1691 cum
298 1656 440 1690 Porcius
467 1656 549 1689 Cato
576 1660 695 1689 auctor
720 1655 852 1693 suisset,
879 1665 921 1688 ne
948 1664 986 1687 ea
1012 1654 1067 1687 lex
1093 1654 1299 1687 aboleretur.
1336 1654 1366 1687 is
1390 1654 1425 1686 in
1442 1652 1643 1697 Hispaniam

196 1702 372 1746 profectus
397 1702 500 1743 bello,
527 1702 619 1746 quod
642 1701 812 1744 Emporiis
835 1710 935 1734 orsus
961 1704 1024 1739 est,
1050 1700 1244 1733 citeriorem
1269 1698 1468 1742 Hispaniam
1492 1699 1643 1742 pacavit.

195 1748 235 1782 T.
253 1748 412 1787 Quintius
432 1748 641 1781 Flamininus
667 1747 796 1780 bellum
823 1746 987 1780 adversus
1004 1745 1295 1779 Lacedaemonios
1320 1749 1355 1778 et
1377 1748 1561 1789 tyrannum
1585 1755 1644 1778 eo-

194 1804 268 1828 rum
286 1794 453 1827 Nabidem
479 1804 643 1838 prospere
668 1796 801 1836 gestum
827 1792 905 1825 data
932 1792 984 1825 his
1004 1802 1100 1835 pace,
1125 1791 1262 1836 qualem
1279 1791 1354 1835 ipse
1378 1790 1532 1831 volebat,
1557 1789 1644 1824 libe-

196 1841 347 1884 ratisque
372 1840 491 1883 Argis,
526 1840 584 1883 qui
611 1839 674 1872 sub
701 1839 835 1872 dicione
860 1838 998 1882 tyranni
1024 1841 1140 1877 erant,
1165 1836 1289 1870 finivit.
1325 1846 1380 1870 res
1406 1839 1583 1880 praeterea
1608 1837 1644 1869 in

196 1885 359 1929 Hispania
378 1890 412 1919 et
437 1884 601 1919 adversus
620 1884 725 1918 Boios
751 1889 785 1917 et
801 1884 960 1917 Insubres
980 1883 1099 1917 Gallos
1122 1883 1271 1917 feliciter
1294 1885 1412 1926 gestae
1436 1882 1642 1916 referuntur.

196 1936 337 1965 senatus
363 1936 443 1964 tunc
478 1931 623 1974 primum
657 1935 810 1964 secretus
836 1941 854 1964 a
879 1929 1008 1973 populo
1040 1929 1141 1963 ludos
1173 1928 1355 1972 spectavit.
1403 1928 1444 1961 id
1467 1931 1507 1961 ut
1530 1926 1644 1970 fieret,

197 1976 274 2010 Sex.
312 1977 430 2010 Aelius
450 1976 575 2010 Paetus
601 1980 635 2010 et
660 1977 695 2010 C.
714 1976 892 2009 Cornelius
911 1975 1083 2018 Cethegus
1109 1984 1272 2009 censores
1289 1975 1548 2008 intervenerunt
1565 1984 1646 2008 cum

196 2022 431 2065 indignatione
457 2023 578 2065 plebis.
617 2022 773 2055 coloniae
792 2022 908 2065 plures
932 2021 1100 2055 deductae
1125 2024 1215 2054 sunt.
1253 2019 1298 2054 Μ.
1320 2019 1463 2053 Porcius
1488 2019 1574 2052 Cato
1600 2019 1644 2053 de

196 2067 358 2111 Hispania
373 2068 605 2111 triumphavit.
644 2067 683 2103 T.
702 2068 862 2107 Quintius
880 2067 1103 2107 Flamininus,
1122 2066 1180 2110 qui
1199 2066 1398 2110 Philippum
1415 2064 1643 2098 Macedonum

196 2124 312 2156 regem
337 2118 371 2147 et
388 2113 555 2147 Nabidem
572 2113 920 2147 Lacedaemoniorum
946 2118 1128 2157 tyrannum
1152 2113 1282 2146 vicerat
1300 2111 1547 2154 Graeciamque
1572 2121 1646 2144 om-

197 2170 274 2192 nem
299 2160 515 2200 liberaverat,
541 2159 585 2193 ob
604 2160 691 2192 hanc
716 2170 827 2192 rerum
853 2162 1024 2202 gestarum
1042 2157 1296 2192 multitudinem
1322 2156 1436 2190 triduo
1455 2156 1644 2200 triumpha—

197 2206 258 2239 vit.
296 2206 402 2248 legati
421 2205 751 2248 Carthaginiensium
777 2205 1019 2238 nuntiaverunt
1036 2203 1272 2244 Hannibalem,
1298 2203 1357 2246 qui
1375 2202 1418 2236 ad
1434 2202 1642 2236 Antiochum

199 2251 412 2294 confugerat,
438 2251 567 2284 bellum
586 2261 663 2284 cum
681 2261 722 2284 eo
748 2251 872 2284 moliri.
910 2254 1141 2294 temptaverat
1165 2252 1279 2283 autem
1297 2248 1465 2282 Hannibal
1490 2258 1551 2292 per
1567 2248 1644 2281 Ari-

198 2300 331 2330 stonem
356 2296 499 2341 Tyrium
527 2297 601 2330 sine
625 2297 749 2330 litteris
777 2297 1014 2340 Carthaginem
1048 2296 1190 2329 missum
1216 2294 1258 2328 ad
1282 2293 1481 2328 bellandum
1506 2293 1644 2327 Poenos

201 2343 386 2376 concitare.
