1747 2828
201 66 279 107 178
629 66 754 99 LlBER
780 65 935 100 xxxllfl.
982 64 1076 98 CAP.
1102 66 1156 98 59.
1182 66 1238 98 60.

1434 83 1460 102 a..
1481 83 1508 101 u.
1527 83 1552 102 c.
1572 75 1633 102 561.

198 185 379 236 Philippo
401 182 665 228 vindic-averit,
698 181 831 220 eadem
862 181 910 221 ab
933 181 1141 227 Antiocho,
1174 180 1248 218 nisi
1280 179 1441 219 decedat
1461 179 1634 231 Europa,

147 252 165 282 6
195 242 493 282 vindicaturum.
545 246 625 278 tum
648 237 860 290 Menippus
888 238 1091 290 deprecari
1123 244 1161 276 et
1182 235 1411 282 Quinctium
1439 242 1476 276 et
1503 243 1635 289 patres

198 298 358 345 institit,
391 309 440 336 ne
468 297 700 335 festinarent
731 295 963 343 decernere,
995 307 1072 346 quo
1103 294 1261 333 decreto
1283 293 1477 333 turbaturi
1499 293 1635 333 orbem

150 366 167 396 7
199 365 390 396 terrarum
413 359 564 400 essent;
596 359 753 404 tempus
774 359 812 391 et
832 352 904 392 sibi
928 357 1127 405 sumerent
1151 357 1189 390 et
1210 350 1293 401 regi
1313 350 1361 390 ad
1382 350 1636 402 cogitandum

198 414 353 459 darent;
377 411 653 461 cogitaturum,
675 421 765 448 cum
785 410 1034 448 renuntiatae
1055 407 1311 448 condiciones
1332 414 1476 454 essent,
1505 414 1542 446 et
1562 408 1636 446 im-

198 477 439 523 petraturum
463 466 609 518 aliquid
631 474 698 505 aut
720 466 826 518 pacis
847 479 961 506 causa
992 477 1288 505 concessurum.
1329 464 1382 504 ita
1402 465 1556 515 integra
1577 464 1635 503 di-

145 536 163 568 8
195 528 268 567 lata
299 538 361 565 res
391 531 460 563 est.
512 523 660 574 legatos
691 523 793 562 mitti
823 523 870 562 ad
900 535 1033 574 regem
1062 523 1241 568 eosdem,
1272 522 1340 573 qui
1369 520 1638 573 Lysimachiae

197 583 299 637 apud
322 594 411 621 eum
435 581 610 627 fuerant,
643 580 802 632 placuit,
823 580 865 618 Ρ.
888 580 1122 632 Sulpicium,
1145 579 1187 618 Ρ.
1210 577 1382 626 Villium,
1402 578 1446 617 P.
1470 577 1637 617 Aelium.

129 645 178 680 60
311 639 477 677 Vixdum
498 637 536 676 hi
560 637 726 689 profecti
756 643 887 684 erant,
917 649 1007 676 cum
1037 650 1058 676 a
1081 636 1316 687 Carthagine
1345 635 1462 687 legati
1490 634 1639 674 bellum

198 697 299 737 haud
317 695 434 735 dubie
457 707 594 747 parare
611 694 849 733 Antiochum
866 693 1085 734 Hannibale
1103 693 1286 732 ministro
1303 692 1523 732 attulerunt
1539 692 1639 731 inie-

148 763 165 794 2
197 760 414 805 ceruntque
437 763 583 799 curam,
607 764 655 790 ne
678 750 794 790 simul
817 751 1062 790 etPunicum
1086 750 1318 789 excitaretur
1334 749 1494 789 bellum.
1531 748 1638 788 Han-

198 810 304 851 nibal
335 809 458 862 patria
479 809 673 860 profugus
702 815 934 860 pervenerat
954 809 1000 847 ad
1019 808 1279 854 Antiochum,
1314 807 1416 846 sicut
1444 811 1537 845 ante
1557 805 1640 845 dic·

197 877 280 908 tum
309 873 388 914 est,
420 872 458 905 et
487 872 568 904 erat
588 865 691 917 apud
714 877 847 916 regem
868 865 908 904 in
939 877 1081 915 magno
1105 865 1278 910 honore,
1313 863 1419 903 nulla
1450 863 1524 902 alia
1545 870 1641 910 arte,

198 925 273 965 nisi
304 924 408 976 quod
439 922 629 961 volutanti
659 922 726 961 diu
756 921 916 961 consilia
947 923 995 961 de
1025 921 1201 960 Romano
1235 920 1337 959 bello
1368 933 1483 959 nemo
1513 920 1643 972 aptior

148 990 165 1021 3
198 994 316 1034 super
339 980 405 1020 tali
427 993 469 1019 re
491 980 688 1031 particeps
709 991 793 1018 esse
815 980 1009 1018 sermonis
1032 984 1196 1031 poterat.
1238 978 1432 1017 sententia
1454 978 1539 1016 eius
1562 989 1640 1016 una

199 1046 315 1091 atque
337 1038 470 1076 eadem
493 1048 649 1088 semper
671 1042 774 1083 erat,
808 1043 850 1074 ut
871 1036 910 1074 in
932 1036 1040 1075 Italia
1062 1034 1208 1074 bellum
1231 1042 1455 1085 gereretur:
1488 1033 1641 1073 Italiam

147 1104 166 1135 4
198 1104 235 1136 et
257 1100 497 1135 commeatus
519 1098 556 1132 et
585 1092 747 1131 militem
782 1092 1047 1145 praebituram
1071 1099 1231 1132 externo
1254 1091 1357 1130 hosti
1370 1103 1387 1139 ;—
1412 1091 1444 1130 si
1469 1090 1565 1130 nihil
1587 1090 1642 1129 ibi

198 1159 411 1198 moveatur,
433 1150 625 1201 liceatque
643 1150 791 1202 populo
810 1149 988 1189 Romano
1015 1149 1161 1189 viribus
1182 1155 1220 1187 et
1242 1148 1367 1200 copiis
1384 1147 1518 1187 Italiae
1535 1155 1642 1187 extra

198 1210 345 1249 ltaliam
366 1207 514 1247 bellum
535 1219 692 1257 gerere,
722 1219 852 1258 neque
880 1219 1012 1258 regem
1036 1218 1164 1259 neque
1187 1211 1344 1257 gentem
1368 1205 1486 1245 ullam
1507 1216 1643 1257 parem

151 1276 168 1306 5
198 1265 386 1306 Romanis
409 1277 506 1304 esse.
549 1264 622 1303 sibi
645 1271 804 1303 centum
826 1270 946 1303 tectas
969 1276 1085 1303 naves
1106 1269 1145 1303 et
1166 1264 1302 1302 decem
1324 1261 1427 1302 milia
1450 1262 1643 1314 peditum,

198 1323 304 1363 mille
333 1323 483 1374 equites
513 1320 768 1373 deposcebat:
802 1333 845 1360 ea
876 1334 918 1360 se
949 1322 1073 1361 classe
1104 1320 1274 1373 primum
1298 1319 1468 1359 Africam
1499 1319 1644 1371 petitu-

197 1392 305 1428 rum;
344 1391 486 1430 magno
517 1391 637 1430 opere
659 1378 857 1417 confidere
878 1386 915 1417 et
937 1378 1278 1429 Carthaginienses
1305 1376 1352 1416 ad
1373 1375 1646 1416 rebellandum

149 1446 169 1477 6
199 1438 245 1477 ab
277 1450 318 1476 se
347 1435 532 1488 compelli
561 1447 702 1487 posse;
733 1435 764 1474 si
786 1435 842 1473 illi
866 1442 1127 1481 cunctentur,
1158 1447 1199 1473 se
1220 1433 1349 1485 aliqua
1380 1439 1491 1487 parte
1511 1432 1643 1472 Italiae

199 1494 456 1534 excitaturum
479 1492 665 1530 Romanis
687 1491 845 1531 bellum.
874 1504 1007 1543 regem
1030 1503 1120 1531 cum
1143 1490 1285 1530 ceteris
1307 1490 1493 1530 omnibus
1516 1496 1642 1529 trans-

1000 1568 1160 1604 60—62.
1185 1567 1353 1601 Hannibal
1370 1567 1439 1600 und
1457 1566 1643 1609 Karthago.

956 1615 1027 1648 Pol.
1040 1616 1095 1655 32,
1108 1618 1143 1653 2;
1156 1613 1263 1647 lustin
1274 1615 1328 1654 31,
1338 1614 1376 1651 4;
1391 1612 1480 1656 App.
1494 1611 1568 1647 Lib.
1582 1614 1641 1651 67;

200 1573 421 1613 decernere),
456 1569 535 1603 weil
562 1569 661 1610 jener
692 1569 746 1602 die
778 1579 884 1611 ganze

200 1616 442 1658 Verbandlung
465 1616 510 1648 im
527 1614 658 1648 Namen
684 1614 743 1648 des
763 1614 885 1647 Senats

200 1662 335 1705 gefiihrt
365 1661 442 1700 hat,
478 1671 504 1694 s.
531 1663 585 1701 57,
613 1663 643 1694 4.
669 1680 714 1684 -
740 1660 887 1693 decedat

198 1706 379 1750 Europff]
406 1717 432 1741 s.
459 1709 514 1747 47,
540 1709 574 1745 5;
603 1708 656 1748 32,
682 1708 884 1746 34‚13u.⁴a.

246 1755 277 1788 6,
308 1753 506 1794 deprecari]
541 1751 608 1784 wie
640 1754 677 1792 6,
703 1753 757 1793 21,
785 1754 822 1790 ὃς
840 1768 886 1781 =

200 1799 318 1833 bitten.
345 1817 389 1822 —
414 1797 557 1839 institit]
591 1808 617 1830 s.
647 1808 689 1830 zu
715 1800 746 1838 4,
773 1799 826 1839 22,
853 1800 884 1831 4.

198 1864 241 1869 —
267 1843 718 1883 decernere]=decretum
742 1842 883 1882 faeer63

197 1890 266 1933 vgl.
293 1892 323 1930 2,
350 1891 404 1929 24,
429 1894 467 1927 6:
494 1891 548 1929 24,
574 1890 628 1931 22,
653 1890 684 1922 9.

245 1938 275 1969 7.
301 1936 349 1968 ad
372 1935 615 1977 cogitandam]
649 1934 771 1976 gehort
796 1934 885 1967 auch

199 1992 240 2014 zu
272 1985 405 2023 tempus
435 1984 624 2013 sumerent.
657 1999 702 2003 -—
727 1982 884 2021 integra]

199 2026 424 2069 proleptiscli;
449 2043 494 2055 =
518 2027 567 2058 sie
592 2025 708 2058 wurde
727 2026 887 2058 verscho-

202 2073 265 2105 ben
296 2071 365 2104 und
398 2071 488 2104 blieb
522 2081 560 2104 so
594 2071 883 2110 unentscliieden3

200 2128 226 2150 s.
253 2119 306 2155 27,
332 2118 364 2158 9,
393 2119 443 2150 10.
470 2119 523 2157 25,
550 2119 586 2155 2;
614 2119 668 2157 30,
701 2119 751 2158 12,
778 2118 831 2150 20.

246 2165 275 2196 S.
303 2161 450 2206 legatos]
483 2162 551 2205 vgl.
582 2161 687 2195 lustin
715 2164 768 2203 31,
792 2165 823 2203 4,
852 2164 883 2195 4.

199 2228 243 2232 —
276 2209 314 2241 Ρ.
346 2207 557 2250 Sulpicium]
593 2207 704 2240 dieser
740 2207 808 2241 und
846 2207 884 2241 P.

200 2253 318 2286 Aelius
345 2264 458 2286 waren
484 2253 578 2286 nicht
602 2256 702 2286 unter
730 2253 795 2286 den
821 2252 884 2286 Ge-

201 2299 354 2339 sandten,
373 2299 426 2332 die
444 2300 478 2332 in
495 2298 710 2342 Lysimachia
728 2299 789 2331 mit
806 2299 883 2332 deni

200 2344 331 2387 Konige
345 2344 545 2378 verhandelt
558 2344 691 2384 hatten;
720 2355 745 2378 s.
761 2346 815 2386 33,
830 2347 884 2386 39,

200 2392 238 2429 2;
264 2400 300 2423 es
326 2390 370 2423 ist
393 2390 496 2423 daher
520 2400 562 2422 an
580 2401 611 2423 u.
631 2389 679 2424 St.
699 2390 790 2423 wohl
809 2390 884 2423 eine

201 2436 333 2478 spatere
359 2435 623 2469 Gesandtschaft
643 2436 805 2478 gemeint,
829 2436 884 2469 die

203 2481 289 2513 auch
322 2480 446 2514 Diodor
478 2480 692 2514 anzudeuten
732 2482 882 2521 scheint;

200 2526 419 2567 vgl.33,12;
447 2529 500 2569 35,
522 2528 571 2567 13,
590 2529 621 2561 6.

955 1660 1030 1704 Syr.
1048 1663 1084 1699 73
1104 1660 1185 1694 Zon.
1205 1661 1236 1702 9,
1257 1660 1314 1697 18;
1342 1658 1428 1701 Nep.
1447 1657 1554 1691 Hann.
1567 1659 1598 1699 S,
1616 1660 1646 1691 l.

999 1705 1063 1741 60.
1093 1709 1119 1739 1.
1137 1706 1315 1745 ministro]
1334 1703 1394 1737 der
1410 1704 1481 1737 ihm
1498 1703 1583 1737 alles
1601 1713 1645 1736 an

955 1752 1009 1785 die
1038 1750 1135 1784 Hand
1168 1751 1265 1794 gebe,
1290 1751 1361 1783 ihm
1386 1749 1420 1782 in
1446 1749 1549 1783 allem
1585 1759 1646 1782 zur

955 1797 1052 1830 Hand
1078 1797 1175 1840 gehe.
1201 1816 1246 1820 -—
1269 1796 1388 1836 simul]
1415 1806 1441 1829 s.
1468 1797 1524 1836 62,
1549 1797 1581 1829 6.

1001 1845 1032 1878 2.
1055 1844 1280 1885 pervenerat]
1306 1852 1333 1875 s.
1360 1843 1414 1882 33,
1440 1842 1495 1882 49,
1523 1842 1559 1879 6;
1586 1840 1645 1873 be-

953 1889 1035 1922 reits
1061 1888 1148 1922 zwei
1171 1887 1275 1921 Jahre
1301 1887 1440 1927 vorher,
1471 1887 1507 1919 in
1531 1885 1646 1919 denen

954 1945 989 1968 er
1015 1934 1127 1967 nichts
1153 1933 1278 1976 gethan
1304 1933 1363 1966 hat
1385 1932 1466 1966 oder
1483 1931 1542 1965 hat
1559 1932 1647 1964 thun

954 1980 1102 2013 konnen.
1128 1998 1174 2004 -—
1198 1979 1298 2012 nulla
1332 1979 1406 2011 alia
1438 1979 1528 2018 arte]
1559 1987 1586 2011 s.
1612 1978 1645 2018 2,

955 2029 1009 2068 47,
1038 2028 1089 2059 12.
1114 2045 1159 2050 —-
1192 2025 1380 2064 volutanti]
1414 2023 1567 2056 dieselbe
1592 2021 1645 2055 Si-

955 2071 1088 2105 tuation
1113 2071 1180 2104 wie
1205 2070 1312 2104 sehon
1338 2072 1392 2109 33,
1409 2070 1465 2109 49,
1492 2070 1530 2101 7:
1556 2069 1647 2108 fluc-

956 2120 1125 2150 tuantem.
1150 2135 1195 2140 —
1218 2127 1326 2159 super
1343 2115 1409 2147 tali
1421 2116 1472 2154 re]
1490 2123 1519 2147 S.
1536 2116 1568 2155 4,
1586 2115 1642 2155 56,

958 2166 1016 2201 1ος
1050 2173 1092 2195 zu
1126 2163 1299 2194 sermonis
1330 2159 1521 2203 geherenth
1560 2169 1586 2193 s.
1615 2161 1646 2200 1,

956 2211 1010 2249 34,
1037 2211 1068 2242 5.

1001 2256 1032 2287 3.
1056 2255 1234 2286 sententia
1255 2276 1263 2284 .

955 2301 1009 2340 39,
1029 2300 1083 2340 39,
1102 2301 1132 2332 6.

1000 2347 1031 2378 4.
1059 2345 1194 2377 viribus
1217 2345 1252 2374 et
1275 2343 1398 2384 copiis]
1424 2351 1450 2374 s.
1477 2342 1531 2383 21,
1557 2343 1586 2382 1,
1605 2341 1641 2380 23

954 2401 1013 2424 zur
1039 2389 1148 2423 Sache
1174 2388 1243 2431 vgl.
1269 2389 1323 2429 31,
1351 2388 1381 2428 7,
1410 2388 1463 2421 14.

1000 2439 1032 2470 5.
1059 2434 1372 2476 Carthaginienses
1396 2458 1403 2466 .
1426 2434 1447 2473 .]
1480 2431 1550 2474 vgl.
1574 2430 1646 2474 Ap-

956 2481 1049 2524 pian:
1085 2481 1119 2514 ἔς
1150 2491 1190 2512 τε
1222 2474 1443 2523 Καρχηδόνα
1479 2478 1552 2511 τοῖς
1582 2478 1643 2520 φί-

955 2525 1027 2560 λοις
1053 2523 1255 2559 ἐπιστεῖλαι
1279 2522 1345 2558 τὸν
1363 2520 1479 2566 δῆμον
1505 2522 1538 2556 ἐς
1553 2517 1645 2556 Enb-

1287 2276 1295 2284 .
1316 2253 1412 2293 erat,
1438 2253 1480 2283 nt
1496 2273 1506 2283 .
1529 2251 1549 2290 .]
1574 2249 1645 2292 vgl.
