1747 2828
119 735 137 766 w·
100 674 148 710 ἓὲ,

590 100 716 134 LIBER
741 99 899 133 xxxsslt.
948 99 1043 134 CAP.
1070 101 1124 134 51.
1145 101 1200 134 52.

171 100 252 140 166
1415 118 1441 137 a.
1462 119 1490 138 u.
1510 118 1534 138 c.
1554 111 1617 138 560.

169 218 334 263 cunctis,
359 217 461 256 sicut
484 215 660 255 Corinthi
684 222 719 254 et
742 214 935 262 Chalcide,
968 216 1102 267 pergit
1125 215 1181 254 ire
1203 215 1244 254 in
1267 215 1522 263 Thessaliam,
1545 215 1615 255 ubi

171 288 249 314 non
272 274 495 313 liberandae
517 273 633 311 modo
665 272 837 311 civitates
860 279 991 319 erant,
1028 273 1094 311 sed
1118 285 1163 311 ex
1194 272 1302 311 omni
1333 271 1555 312 colluvione
1577 280 1614 312 et

169 331 402 371 confusione
424 331 464 369 in
486 330 656 381 aliquam
680 329 921 384 tolerabilem
943 330 1112 369 formam
1134 329 1382 380 redigendae.
1419 341 1492 368 nec
1508 330 1615 369 enim

169 398 391 440 temporum
413 387 529 426 modo
551 386 652 425 vitiis
674 399 718 425 ac
740 385 921 425 violentia
946 393 985 425 et
999 386 1165 426 *licentia
1186 385 1295 437 regia
1326 385 1472 425 turbati
1504 393 1615 426 erant

171 446 238 484 sed
255 445 430 496 inquieto
449 444 564 483 etiam
582 443 742 494 ingenio
761 444 902 494 gentis,
925 455 999 482 nec
1019 443 1177 483 comitia
1194 455 1268 482 nec
1285 449 1524 482 conventum
1543 455 1615 482 nec

171 502 383 541 concilium
414 500 538 540 ullum
569 513 649 539 non
683 512 753 552 per
782 500 1015 539 seditionem
1048 513 1093 539 ac
1122 499 1335 539 tumultum
1367 500 1445 538 iam
1475 499 1566 539 inde
1595 513 1617 539 a

169 558 365 611 principio
390 558 436 597 ad
454 565 629 597 nostram
651 569 776 609 usque
799 563 962 596 aetatem
983 557 1239 597 traducentis.
1270 569 1291 596 a
1310 569 1433 596 censu
1449 556 1617 595 maxime

172 623 209 655 et
231 622 409 655 senatum
433 621 468 654 et
486 615 635 654 iudices
656 614 749 665 legit
766 614 1115 666 potentioremque
1133 626 1217 653 eam
1234 621 1384 666 partem
1403 613 1617 653 civitatium

170 673 284 720 fecit,
315 673 378 711 cui
407 672 508 711 salva
531 678 569 710 et
599 671 810 722 tranquilla
843 672 975 710 omnia
998 684 1085 710 esse
1116 671 1240 721 magis
1272 670 1513 723 expediebat.
1564 670 1619 710 ita

171 742 258 769 cum
290 729 580 781 percensuisset
601 727 864 775 Thessaliam,
894 741 964 780 per
987 728 1154 780 Epirum
1187 727 1370 775 Oricum,
1401 728 1508 767 unde
1537 734 1619 767 erat

170 787 417 833 traiecturus,
440 786 557 825 venit.
601 785 649 824 ab
673 785 792 825 Orico
815 785 951 836 copiae
975 798 1115 824 omnes
1137 785 1393 824 Brundisium
1416 791 1618 837 transpor-

170 850 283 883 tatae.
321 844 410 882 inde
434 856 504 895 per
525 849 648 882 totam
671 842 821 882 Italiam
844 842 890 881 ad
912 842 1053 881 urbem
1076 854 1202 894 prope
1225 842 1515 893 triumphantes
1537 853 1618 881 non

171 901 324 940 minore
346 901 501 951 agmine
518 912 650 939 rerum
673 905 875 951 captarum
893 911 1011 951 quam
1034 911 1106 938 suo
1130 911 1223 951 prae
1244 911 1286 937 se
1307 905 1395 938 acto
1412 905 1619 937 venerunt.

171 964 379 1011 postquam
401 956 563 996 Romam
592 964 752 995 ventum
775 963 853 1003 est,
886 963 1050 995 senatus
1075 962 1180 995 extra
1203 955 1341 995 urbem
1365 954 1550 1000 Quinctio
1572 956 1620 994 ad

216 1038 247 1069 4.
297 1035 515 1077 liberandae]
571 1033 856 1067 wahrscheinlich

169 1082 265 1114 hatte
284 1080 420 1124 Philipp
439 1081 544 1114 sehon
564 1080 663 1122 lange
682 1080 776 1112 seine
794 1078 859 1111 Be—

170 1130 315 1168 satzung
347 1126 643 1168 zurnckgezogen.
678 1144 723 1149 —
748 1125 858 1157 collu-

172 1174 286 1211 vione]
317 1171 550 1215 Verwirrung;
579 1181 605 1204 S.
633 1172 736 1212 3,11‚
756 1173 786 1204 5.
814 1187 858 1194 —e

169 1217 337 1258 formam]
377 1217 716 1259 Staatsverfassung,
756 1213 856 1249 πολι-

170 1275 260 1296 Tela.

217 1312 247 1342 5.
279 1309 534 1350 temporum..]
570 1307 638 1349 vgl.
666 1308 720 1346 24,
749 1307 800 1345 18,
827 1307 858 1338 2.

169 1373 215 1378 —
225 1355 359 1396 ultim*
373 1373 416 1377 —
429 1354 598 1385 violentia
613 1356 647 1384 et
661 1350 818 1394 licentia]
830 1361 857 1384 s.

171 1402 226 1440 48,
253 1401 283 1432 2.
315 1419 359 1422 —
392 1401 537 1431 comitia
553 1424 560 1431 .
577 1424 584 1431 .
600 1400 811 1430 conventum
826 1421 834 1429 .
850 1421 858 1429 .

172 1445 373 1484 concillum]
399 1444 465 1477 soll
486 1444 567 1485 Jede
596 1444 657 1476 Art
684 1453 751 1475 von
776 1441 859 1474 Ver-

171 1490 375 1532 sammlung,
400 1489 587 1531 gesetzlich
605 1488 686 1521 oder
704 1487 859 1520 willkiir-

172 1536 241 1569 lich
267 1535 508 1578 angeordnete,
534 1544 611 1567 zum
631 1533 858 1571 Abstimmen,

172 1580 330 1621 Beraten,
346 1580 456 1613 Horen
470 1580 632 1613 berufene
646 1588 858 1612 zusammen-

174 1626 302 1663 fassem
327 1626 395 1668 vgl.
415 1627 446 1665 2,
468 1628 525 1662 11;
545 1627 576 1664 2,
595 1626 650 1663 28,
667 1627 703 1663 4;
732 1626 784 1664 31,
802 1625 858 1663 29,

175 1673 206 1705 8.
231 1674 262 1705 9.
295 1691 338 1695 —
365 1671 411 1703 ad
443 1674 602 1703 nostram
627 1680 737 1712 usque
763 1672 859 1701 aeta-

175 1716 255 1760 tem]
281 1717 324 1750 ist
343 1716 435 1749 wohl
459 1726 519 1749 aus
538 1715 702 1759 Polybios
721 1721 860 1758 genom-

175 1773 264 1802 men,
290 1762 348 1795 der
365 1772 400 1795 es
426 1772 493 1794 von
512 1762 623 1795 seiner
640 1760 714 1793 Zeit
740 1763 860 1803 gesagt

176 1808 287 1846 hatte;
307 1808 375 1850 vgl.
393 1810 447 1847 42,
467 1810 497 1848 5,
517 1810 547 1842 8.
565 1827 609 1831 -
627 1805 858 1847 traduceretis]

177 1864 202 1886 s.
218 1855 271 1894 24,
287 1855 341 1894 38,
355 1855 392 1887 2:
407 1853 476 1896 vgl.
498 1856 527 1892 9,
544 1854 597 1893 32,
613 1853 650 1885 3:
671 1852 763 1883 diem
781 1861 862 1884 eon-

175 1899 344 1931 sultando
359 1924 367 1931 .
383 1925 390 1931 .
407 1899 661 1932 tradnoeemmt.

223 1946 254 1978 6.
281 1956 300 1976 α
327 1946 446 1984 censu]
474 1944 542 1986 vgl.
562 1946 616 1981 31,
636 1945 697 1981 17;
724 1953 760 1975 er
776 1943 864 1976 rich-

180 1993 228 2023 tet
255 1990 329 2022 eine
355 1989 633 2022 aristokratische
652 1987 864 2032 Verfassung

179 2036 250 2075 ein,
276 2045 314 2067 so
340 2034 413 2067 dass
438 2045 501 2068 nur
525 2035 579 2068 ein
604 2034 710 2067 hoher
736 2034 865 2068 Census

180 2090 257 2114 zum
283 2079 421 2113 Eintritt
445 2080 479 2112 in
505 2080 569 2113 den
589 2079 693 2113 Senat
719 2079 788 2112 und
805 2090 866 2112 un-

180 2129 231 2158 ter
248 2125 301 2158 die
320 2124 457 2158 Richter
477 2125 676 2167 berechtigt,
703 2125 768 2157 wie
787 2126 864 2168 sp'a-

181 2175 233 2204 ter
264 2171 299 2203 in
324 2171 468 2208 Achaia;
500 2181 527 2204 s.
560 2170 660 2203 Paus.
687 2172 717 2212 Τ,
747 2172 797 2210 16,
824 2172 862 2203 6:

179 2214 420 2260 δημοκρατίας
443 2217 511 2258 μὲν
535 2218 726 2257 κατέπαυε,
756 2215 865 2248 καθ’ί-

178 2272 292 2294 στατο
318 2258 356 2294 δὲ
380 2258 452 2295 ἀπὸ
477 2259 694 2305 τιμημάτων
717 2258 780 2293 τὰς
803 2258 864 2305 ἆρ-

178 2303 254 2348 χάς;
284 2307 355 2350 vgl.
381 2307 448 2341 Cic.
474 2307 508 2339 in
537 2306 627 2340 Verr.
653 2308 690 2347 2,
719 2307 793 2339 122.
821 2325 865 2330 —-

175 2355 494 2394 potentioremque]
509 2351 787 2391 einflul'sreicher,
802 2352 865 2384 mit

180 2400 354 2440 grtit‘seren
369 2397 606 2441 Befugnissen.
624 2417 668 2421 —-
685 2408 762 2430 eam
778 2408 863 2440 pat·-

180 2445 260 2483 tem]
287 2453 313 2476 s.
342 2446 370 2483 1,
397 2445 455 2485 30,
488 2445 518 2477 2.
567 2442 863 2476 Wahrscheinlich

181 2489 335 2521 erwahnt
367 2488 436 2521 Liv.
468 2489 661 2522 nur'einen
693 2487 769 2521 Teil
805 2488 864 2521 der

181 2533 449 2576 Anordnungen;
484 2534 556 2567 dass
582 2533 798 2573 Thessalien,
830 2534 864 2566 in

181 2577 240 2611 der
251 2581 367 2620 33,34,
389 2582 405 2612 7
422 2579 668 2622 angegebenen
679 2578 864 2612 Beschriin-

927 1033 1022 1075 kung
1041 1060 1049 1074 ,
1086 1032 1141 1066 ein
1174 1032 1374 1075 politisches
1400 1031 1532 1065 Ganzes
1556 1032 1620 1065 bil-

928 1079 1006 1112 dete
1033 1081 1072 1120 (s.
1099 1080 1152 1119 36,
1179 1080 1211 1118 9,
1238 1081 1298 1111 10:
1332 1079 1503 1110 universa
1530 1088 1620 1120 gens

933 1124 1206 1166 Thessalorum),
1239 1123 1312 1156 dass
1342 1133 1379 1156 es
1409 1123 1488 1156 eine
1513 1123 1620 1167 allge-

928 1170 1040 1203 meine
1053 1168 1318 1211 Versammlung
1337 1170 1560 1211 (concilium)
1577 1180 1620 1202 zu

928 1215 1043 1248 Larisa
1067 1216 1108 1256 (s.
1134 1216 1188 1256 35,
1216 1217 1270 1257 31,
1296 1216 1333 1254 3;
1361 1216 1415 1255 36,
1442 1216 1473 1255 8,
1499 1216 1538 1253 2;
1564 1216 1621 1256 42,

930 1263 984 1302 38,
1011 1263 1044 1302 6)
1070 1260 1141 1294 und
1166 1261 1267 1293 einen
1291 1259 1475 1303 Strategen
1499 1260 1540 1301 (s.
1567 1262 1621 1301 35,

929 1309 984 1347 39,
1009 1308 1046 1345 4;
1080 1308 1135 1347 42,
1162 1308 1216 1346 54,
1241 1308 1276 1347 7)
1306 1305 1419 1347 hatte,
1452 1306 1497 1339 ist
1528 1306 1621 1339 nicht

929 1352 1088 1394 beriihrt3
1120 1352 1189 1394 vgl.
1215 1351 1340 1384 Euseb.
1372 1351 1528 1385 Ghronic.
1560 1351 1623 1384 Ar-

929 1408 1017 1431 men.
1033 1397 1066 1430 S.
1082 1399 1166 1430 340:
1197 1396 1357 1429 Thessali
1380 1407 1464 1429 vero
1488 1424 1495 1431 .
1513 1422 1534 1437 .,
1560 1399 1623 1440 qui

928 1444 1086 1485 Philippi
1112 1443 1300 1475 tributarii
1323 1442 1489 1484 fuerant,
1524 1453 1622 1475 acce—

923 1491 1060 1531 perunt
1084 1499 1105 1520 a
1130 1487 1300 1520 Romanis
1330 1488 1549 1530 libertatem,
1581 1491 1623 1521 ut

927 1536 1002 1566 suis
1037 1534 1174 1575 legibus
1206 1534 1377 1566 viverent.
1411 1536 1447 1566 et
1479 1534 1622 1576 quidem

924 1579 1622 1664 2223..[effug...335235‘322322‘‘352

928 1670 1159 1703 multitudine
1196 1670 1421 1709 eligebantur
1441 1695 1450 1702 .
1477 1683 1504 1709 .;
1542 1669 1623 1703 Nie-

931 1716 1028 1755 buhr,
1047 1714 1099 1748 Kl.
1119 1714 1215 1748 Schr.
1233 1718 1262 1755 1,
1281 1716 1358 1748 242.
1373 1717 1440 1749 248
1451 1715 1494 1754 f.;
1521 1714 1622 1749 Kuhn

934 1764 963 1803 1,
988 1763 1073 1798 229;
1101 1762 1132 1801 2,
1158 1763 1213 1794 45.
1241 1762 1294 1794 75.

977 1805 1040 1841 52.
1057 1805 1223 1848 Triumph
1241 1805 1300 1839 des
1319 1805 1510 1844 Quinctius.
1533 1805 1625 1840 Plut.

984 1901 1012 1931 1.
1035 1898 1307 1940 percensuisset]
1340 1897 1474 1930 scheint
1502 1897 1537 1930 in
1562 1896 1627 1930 Be-

935 1953 1001 1986 zug
1027 1942 1086 1976 auf
1109 1945 1171 1983 51,
1197 1944 1235 1976 4:
1268 1944 1478 1977 civitates..
1504 1946 1627 1985 gesagt

936 1999 977 2022 zu
1003 1988 1076 2021 sein
1101 1988 1171 2021 und
1196 1991 1286 2020 etwa
1310 1998 1352 2021 zu
1376 1988 1566 2022 bedeuten:
1592 1989 1627 2021 in

936 2033 1125 2067 Rsicksicht
1142 2033 1202 2066 aus
1222 2033 1288 2066 den
1303 2033 1432 2067 Census
1458 2035 1529 2075 (um
1545 2033 1626 2067 den-

938 2079 1055 2112 selben
1075 2078 1280 2112 abzuhalten
1305 2078 1374 2111 und
1397 2078 1546 2112 darnach
1571 2078 1626 2111 die

935 2124 1116 2158 Beh6rden
1132 2135 1175 2157 zu
1191 2123 1342 2166 wahlen)
1360 2123 1626 2157 durchwandert

935 2171 1049 2208 hatte;
1076 2169 1158 2203 oder
1176 2179 1213 2202 es
1230 2168 1394 2203 bedeutet
1411 2179 1474 2202 nur
1489 2166 1628 2203 ‘durch-

934 2213 1122 2249 wandern'.
1146 2233 1191 2238 —
1226 2217 1339 2247 totam
1363 2214 1520 2255 Italiam]
1554 2215 1628 2257 vgl.

936 2264 990 2302 30,
1016 2263 1072 2302 45,
1091 2262 1122 2294 3.
1146 2279 1192 2284 —
1216 2270 1323 2302 quam
1346 2261 1423 2301 suo]
1449 2277 1494 2289 =
1521 2271 1630 2304 quam

934 2309 1096 2349 ipsorum
1113 2308 1193 2338 erat
1208 2315 1349 2347 agmen,
1375 2315 1413 2338 so
1439 2305 1516 2339 dass
1537 2316 1630 2349 prae

934 2363 971 2384 se
1008 2355 1088 2384 aeto
1125 2350 1219 2384 nicht
1255 2350 1361 2393 dazu,
1398 2351 1548 2384 sondern
1588 2361 1630 2384 zu

935 2399 1078 2439 agmine
1102 2406 1222 2429 rerum
1251 2396 1392 2438 geh6rt;
1427 2396 1498 2439 vgl.
1526 2407 1570 2430 zu
1598 2398 1629 2437 3,

935 2444 989 2483 58,
1019 2445 1069 2477 11.
1095 2459 1139 2465 —
1158 2452 1251 2484 prae
1274 2452 1311 2473 se
1335 2443 1428 2482 acto]
1454 2451 1482 2475 s.
1509 2444 1562 2483 15,
1590 2444 1628 2481 3;

935 2490 989 2528 21,
1018 2490 1046 2528 1,
1073 2490 1108 2526 5;
1135 2488 1189 2528 33,
1217 2488 1270 2528 19,
1295 2487 1326 2520 2.

982 2536 1012 2566 3.
1038 2536 1141 2565 extra
1154 2533 1447 2573 urbem1s.43‚1;
1464 2534 1517 2573 31,
1529 2534 1584 2574 47,
1598 2533 1630 2567 6.

935 2578 995 2611 Die
1013 2576 1241 2620 Schilderung
1260 2576 1319 2610 des
1333 2576 1540 2621 Triumphes
1558 2577 1630 2611 und
