1795 2844
81 88 108 106 a.
131 78 196 106 eiu.
216 85 246 105 n.
267 78 325 105 154.
503 65 630 100 LIBER
654 65 810 99 xxxlltl.
859 65 954 101 CAP.
981 67 1037 100 58.
1061 67 1117 99 59.
1441 61 1520 101 177

80 183 232 222 videtur
260 182 489 229 honestius,
522 182 663 222 liberas
683 182 781 221 velle
803 182 954 229 omnis,
986 195 1085 233 quae
1106 181 1254 233 ubique
1275 189 1381 227 sunt,
1405 181 1526 222 Grae-

80 241 163 280 ciae
184 239 318 288 urbis,
347 252 397 279 an
420 252 550 278 servas
572 247 608 279 et
629 239 827 291 vectigalis
849 237 1005 278 sacere‘?
1035 239 1066 278 si
1096 239 1170 278 sibi
1193 238 1414 278 Antiochus
1434 239 1524 291 pul-
1556 246 1592 279 10

80 298 218 337 chrum
241 310 326 336 esse
347 304 502 343 censet,
534 310 630 349 quas
652 296 771 336 urbes
792 309 961 349 proavus
992 296 1084 336 belli
1106 297 1191 335 iure
1212 295 1405 343 habuerit,
1433 309 1526 336 avus

80 361 271 407 paterque
293 366 510 406 numquam
536 354 784 406 usurpaverit
815 366 886 406 pro
910 353 1012 401 suis,
1043 367 1107 393 eas
1136 361 1314 405 repetere
1345 354 1384 392 in
1408 354 1527 393 servi·
1559 360 1595 392 11

79 418 228 459 tutem,
266 419 304 451 et
338 411 511 464 populus
547 410 749 451 Romanus
784 419 1013 462 susceptum
1043 411 1306 463 patrocinium
1337 410 1528 450 libertatis

78 467 320 508 Graecorum
338 480 419 508 non
437 468 617 507 deserere
634 468 723 508 fidei
746 468 1068 520 constantiaeque
1090 481 1183 507 suae
1205 468 1313 507 ducit
1330 481 1428 507 esse.
1446 468 1524 508 sic·
1558 474 1595 506 12

81 533 127 565 ut
148 538 169 565 a
190 525 375 578 Philippo
410 525 612 565 Graeciam
643 525 835 571 liberavit,
866 525 918 564 ita
949 533 985 564 et
1017 526 1064 565 ab
1095 525 1290 564 Antiocho
1322 525 1435 565 Asiae
1460 538 1525 565 111-

80 582 164 645 bes,
196 595 297 645 quae
318 582 424 622 Graii
447 583 620 622 nominis
651 583 743 630 sint,
775 582 942 622 libeanie
973 583 1013 621 in
1045 582 1176 621 animo
1208 581 1338 622 habet.
1399 594 1529 644 neque
1561 589 1596 622 13

83 639 190 679 enim
211 641 252 679 in
274 639 477 679 Aeolidem
499 640 731 692 Ioniamque
752 639 962 679 coloniae
953 653 993 678 in
1016 639 1243 679 servitutem
1265 639 1413 691 regiam
1434 639 1528 679 mis-

81 710 148 736 sae
169 704 275 745 sunt,
306 697 375 736 sed
397 696 531 749 stirpis
551 697 754 749 augendae
776 710 889 736 causa
921 697 1129 749 gentisque
1151 697 1437 736 vetustissimae
1457 709 1530 750 per

82 754 219 794 orbem
239 761 434 794 terrarum
463 752 764 807 propagandae.
818 767 908 793 cum
939 754 1148 793 haesitaret
1176 754 1422 805 Hegesianax
1453 767 1528 793 nec
1549 757 1598 795 59

81 811 242 851 infitiari
258 818 394 863 posset
408 811 677 851 honestiorem
695 824 851 851 causam
866 811 1056 850 libertatis
1072 823 1190 862 quam
1203 811 1400 850 servitutis
1416 824 1529 863 prae-

81 869 160 908 texi
175 868 305 915 titulo,
323 863 438 920 cquin
455 869 648 908 mittimus
663 865 895 920 ambages?
919 868 1049 920 inquit
1064 868 1107 907 P.
1125 868 1340 920 Sulpicius,
1364 869 1431 920 qui
1447 880 1530 908 ma-

81 925 211 965 ximus
232 933 328 965 natu
351 938 397 964 ex
418 926 554 965 decem
575 926 714 977 legatis
737 934 839 974 erat3
867 920 1046 965 ‘alteram
1070 938 1116 964 ex
1147 925 1299 965 duabus
1330 926 1532 965 condicio·
1561 935 1580 967 2

83 982 215 1030 nibus,
237 995 338 1035 quae
358 983 476 1021 modo
499 983 642 1022 diserte
664 996 684 1022 3
703 982 889 1028 Quinctio
912 983 1012 1022 latae
1029 990 1137 1030 sunt,
1160 983 1276 1033 legite
1297 990 1362 1022 aut
1391 996 1532 1051 supel-

83 1040 216 1079 sedete
251 1040 299 1079 de
335 1040 503 1079 amicitia
548 1034 688 1092 ageime³
754 1037 847 1079 ‘nos
881 1034 992 1079 ver'o
1033 1040 1165 1092 inquit
1200 1037 1451 1092 Menippus‘
1459 1053 1533 1079 nec
1562 1049 1580 1080 3

83 1096 265 1136 volumus
287 1109 362 1136 nec
382 1109 596 1149 possumus
618 1097 763 1150 pacisci
786 1098 1011 1149 quicquam,
1045 1110 1122 1149 quo
1154 1109 1325 1148 iegnum
1347 1097 1531 1137 Antiochi

85 1147 310 1194 minuatur-³

200 1211 364 1250 Postero
386 1211 448 1250 die
471 1210 680 1256 Quinctius
711 1211 928 1262 legationes
959 1211 1162 1250 universas
1194 1210 1378 1251 Graeciae
1400 1211 1533 1251 Asiae·
1563 1219 1583 1252 4

86 1280 163 1320 que
186 1280 276 1308 cum
298 1269 340 1307 in
362 1275 541 1308 senatum
562 1269 857 1316 introduxisset,
880 1276 922 1308 ut
943 1269 1102 1315 scirent,
1126 1269 1230 1320 quali
1246 1269 1379 1307 animo
1402 1281 1532 1321 popu—

85 1325 148 1364 lus
182 1324 399 1372 Romanus,
437 1325 544 1388 quali
579 1327 797 1365 Antiochus
836 1338 926 1376 erga
960 1325 1134 1365 civitates
1171 1325 1355 1365 Graeciae
1387 1334 1532 1373 essent,

84 1382 282 1435 postulata
313 1390 351 1422 et
371 1383 475 1434 regis
497 1390 533 1421 et
556 1395 625 1422 5113
657 1384 858 1436 exposuit:
892 1383 1166 1422 renuntiarent
1198 1383 1421 1422 civitatibus
1452 1383 1533 1422 suis
1564 1392 1582 1424 5

84 1439 279 1492 populum
301 1414 538 1486 Roma⁰num‚
570 1453 646 1492 qua
668 1448 811 1480 11111115
833 1453 988 1492 quaque
1014 1440 1089 1479 fide
1110 1440 1209 1479 libel
1213 1447 1331 1479 tatem
1354 1453 1492 1480 50111111
1514 1454 1535 1481 3

131 1530 163 1562 9.
189 1530 314 1571 omnis,
340 1539 432 1571 quae
455 1530 609 1571 ubique.
630 1530 652 1572 .]
680 1540 706 1562 s.
732 1540 774 1562 zu

86 1576 150 1616 33,
177 1576 240 1616 34,
265 1576 296 1608 3.
323 1593 366 1599 —
392 1575 561 1617 liberasP‘
585 1594 630 1599 —-
654 1586 776 1608 servas

85 1623 120 1653 et
142 1621 341 1663 vectigalis]
373 1619 565 1663 Gegensatz
582 1631 626 1654 zu
642 1623 696 1663 57,
714 1624 774 1659 10;

84 1666 155 1709 vgl.
182 1667 238 1708 21,
262 1668 317 1707 41,
336 1669 375 1707 ῖς
402 1668 456 1707 31,
475 1667 530 1707 29,
549 1669 580 1699 7.

136 1713 187 1746 10.
204 1722 400 1754 numquam
431 1714 700 1754 usurpaverint]
724 1712 777 1744 ihr

85 1756 196 1790 Recht
212 1757 274 1790 aus
297 1758 473 1790 dieselben
486 1784 494 1798 ,
520 1758 570 1791 als
598 1758 703 1791 ihneu
720 1768 779 1800 ge-

85 1802 250 1845 h6rende,
263 1803 359 1836 nicht
382 1802 522 1846 geltend
543 1804 702 1846 gemacht
717 1803 777 1836 ha-

84 1849 165 1889 ben,
185 1859 224 1882 so
242 1848 317 1882 dass
332 1848 389 1882 der
403 1848 531 1882 fremde
550 1848 663 1882 Besitz
682 1849 777 1882 nicht

85 1894 339 1928 unterbrochen
375 1894 446 1928 und
472 1905 509 1928 so
539 1896 689 1937 verjahrt
714 1895 775 1933 ist;

87 1949 115 1972 5.
130 1941 185 1980 33,
211 1941 264 1980 38,
291 1942 322 1974 3.
348 1942 402 1981 40,
429 1943 447 1974 5
473 1951 506 1973 u.
524 1951 553 1974 3.

136 1987 189 2018 11.
214 1985 301 2026 fidei
326 2011 334 2018 .
362 1987 383 2026 .]
410 1995 436 2018 s.
455 1987 586 2025 49,11;
613 1986 698 2019 tiber
722 1986 776 2019 die

86 2029 225 2064 Konstr.
251 2041 278 2064 5.
305 2033 430 2073 21,41,
447 2033 500 2064 12.

136 2078 188 2109 12.
224 2076 328 2109 Graii
359 2075 549 2117 nominis*]
582 2076 686 2110 Graii
715 2087 778 2110 nur

86 2121 162 2155 hier
186 2122 243 2155 bei
269 2122 340 2156 Liv.
352 2136 360 2161 ;
386 2133 426 2156 zu
453 2125 609 2155 nominis
625 2123 693 2165 vgl.
708 2123 777 2156 Cic.

89 2167 449 2211 derep.,;,;l5829
471 2170 577 2209 3,15;
597 2170 776 2209 6,1611..3

137 2215 189 2246 13.
213 2216 337 2256 stirpzs
350 2225 416 2256 aug
401 2215 548 2255 Ψενιάαε]
567 2204 595 2247 5.
609 2216 663 2255 27,
678 2216 776 2255 9,11.

88 2277 134 2282 -—
142 2261 416 2300 vetustissimae]
431 2260 489 2292 (131
492 2260 552 2293 auf
558 2260 620 2292 wir
623 2259 667 2292 d
659 2270 779 2293 immer

90 2304 146 2336 ein
169 2303 376 2339 besonderer
401 2305 498 2338 Wert
523 2306 637 2348 gelegt
682 2316 709 2338 5.
724 2308 777 2345 31,

92 2352 122 2391 1,
150 2351 185 2389 73
211 2350 281 2393 vgl.
307 2354 338 2393 5,
364 2353 419 2392 54,
444 2353 476 2385 5.

137 2393 200 2430 59.
229 2399 258 2430 1.
277 2397 526 2438 honestiorem]
540 2398 586 2430 ist
603 2407 681 2429 zum
699 2396 779 2430 Pr'a-

90 2439 188 2473 dikat
212 2451 255 2474 zu
279 2442 435 2483 nehmen,
449 2459 493 2470 =
505 2438 570 2476 ‘als
587 2443 662 2475 eine
678 2469 686 2477 .
702 2439 718 2477 ‚³
736 2462 779 2466 —

91 2486 210 2528 titulo]
238 2487 372 2520 scheint
396 2487 497 2521 Dativ
516 2499 559 2521 zu
585 2489 670 2529 sein,
683 2505 727 2517 =
741 2491 782 2520 ut

90 2535 179 2564 esset
191 2533 316 2566 titulus
333 2534 475 2576 (titulus
487 2550 531 2561 =
544 2534 687 2577 Angabe
707 2533 782 2567 des-

160 2595 194 2621 T.
205 2595 270 2622 Liv.
284 2594 340 2621 VH
352 2596 376 2622 2.
390 2595 416 2622 3.
429 2596 504 2623 Aufl.

846 1540 918 1569 5511,
936 1540 1009 1562 was
1029 1539 1107 1562 man
1130 1529 1207 1562 thut
1221 1529 1303 1562 oder
1317 1530 1443 1571 gethan
1458 1530 1533 1569 hat,

846 1586 872 1609 s.
899 1586 940 1608 zu
959 1577 1013 1615 25,
1031 1576 1085 1614 29,
1105 1576 1154 1613 5);
1181 1575 1215 1608 10
1240 1574 1537 1618 derverbindung

845 1622 907 1654 mit
930 1624 1142 1663 praeta-ere
1173 1621 1343 1654 erscheint
1368 1620 1428 1654 der
1452 1623 1537 1653 titu—

848 1668 903 1699 lm
928 1667 978 1699 als
1005 1666 1209 1702 131155115οᾱ
1246 1666 1297 1699 315
1322 1662 1536 1710 Aush'ange-

848 1710 985 1746 schild'-
978 1739 985 1752 ‚
1012 1712 1081 1754 xgl.
1109 1714 1163 1751 37,
1191 1715 1244 1752 54,
1272 1715 1329 1745 13:
1364 1724 1467 1755 quem
1478 1692 1537 1744 t'ti-

848 1759 962 1791 tulnm
977 1758 1255 1801 praetenderitis
1272 1758 1381 1790 adver
1383 1769 1442 1790 sus
1456 1759 1537 1791 Pla·-

847 1805 982 1847 It'ppum
1024 1804 1119 1842 bella}
1173 1803 1253 1836 Tac.
1292 1803 1378 1836 Hist.
1403 1807 1444 1845 4,
1476 1806 1533 1837 73:

847 1851 995 1882 libertas
1020 1853 1053 1882 et
1076 1852 1236 1892 speciosa
1261 1852 1408 1882 nomina
1432 1861 1536 1892 prae-

847 1899 1038 1931 teamntnw
1065 1895 1136 1938 131.
1162 1895 1232 1929 Ι.11.
1258 1897 1312 1937 36,
1342 1897 1394 1937 17,
1423 1897 1473 1929 13.
1492 1915 1537 1920 —

844 1942 1042 1994 Sulpicius]
1069 1952 1095 1974 s.
1115 1942 1168 1982 33,
1195 1942 1249 1980 24,
1269 1943 1300 1975 7.
1325 1960 1370 1965 ——
1395 1940 1536 1985 diserte]

844 1982 1114 2020 ‘ausdrucklich‘
1121 2013 1128 2019 .
1147 2006 1190 2010 --
1209 1987 1384 2028 legite]—
1339 2011 1385 2016 —
1397 1988 1536 2028 eligit&

846 2033 916 2076 vgl.
943 2034 1071 2072 21,1S,
1100 2034 1159 2066 13.
1184 2034 1323 2065 ,ςιιφηιᾛίθ
1349 2052 1391 2056 —
1416 2044 1539 2075 super-

847 2079 974 2118 sedete]
1001 2088 1027 2111 S.
1054 2080 1107 2118 21,
1133 2080 1188 2118 40,
1218 2081 1246 2111 1.

893 2127 926 2157 4.
951 2124 1149 2166 universas]
1176 2124 1264 2157 nach
1289 2124 1310 2166 ξ
1328 2126 1347 2157 6
1374 2125 1459 2157 311511
1479 2124 1531 2157 die

848 2170 907 2203 des
932 2170 1134 2203 Antiochus.
1159 2188 1205 2194 —-
1231 2170 1365 2212 qualis*

894 2219 926 2250 5.
941 2217 1208 2256 renuntiarent]
1222 2215 1327 2257 h'angt
1345 2226 1413 2248 von
1426 2215 1537 2248 einem

849 2272 909 2295 aus
935 2264 1103 2303 exposuit
1123 2271 1165 2293 zu
1183 2260 1458 2293 entnehmenden
1476 2260 1540 2302 Be-

848 2306 946 2347 griffe
965 2307 1024 2340 dei·
1042 2306 1295 2348 Austordemng
1313 2307 1374 2344 ab;
1401 2305 1455 2339 die
1470 2306 1539 2340 Au-

851 2355 990 2395 sserung
1008 2352 1095 2385 wird
1120 2352 1207 2385 nach
1225 2351 1301 2384 dem
1318 2352 1539 2385 Zusammen-

848 2399 940 2441 hang
956 2398 1033 2431 dem
1044 2397 1222 2436 Quinctius
1232 2397 1417 2439 beigelegt,
1434 2398 1540 2440 nicht,

850 2445 918 2477 wie
937 2455 1014 2476 man
1033 2448 1203 2476 erwarten
1223 2443 1336 2482 sollte,
1363 2443 1440 2476 dem
1456 2443 1542 2476 Vor-

852 2489 1030 2523 sitzenden
1055 2489 1115 2522 des
1142 2488 1282 2527 Senats,
1308 2488 1367 2521 der
1391 2488 1445 2521 die
1470 2489 1541 2522 An-

852 2535 941 2568 sicht
966 2534 1026 2568 des
1045 2534 1167 2568 Senats
1193 2534 1537 2577 aussprache1s.§6:
