1795 2844
122 77 150 98 ι.
170 69 238 97 Chr.
254 76 286 96 n.
306 69 365 97 195.

123 175 269 229 quibus
289 181 373 214 tum
403 174 595 215 institutis
625 174 864 228 locupletior
885 173 924 212 in
957 173 1040 213 dies
1074 173 1277 226 provincia
1299 173 1387 213 fuit.

552 56 681 90 LIBER
704 55 867 91 xxxllll.
915 55 1010 91 CAP.
1036 57 1091 91 21.
1117 58 1174 91 22.

1502 52 1584 92 123

1439 173 1489 213 ob
1513 174 1585 214 has
1616 180 1634 213 3

122 246 187 274 res
210 239 342 285 gestas
363 232 404 272 in
427 232 618 286 Hispania
647 231 982 286 supplicationem
1004 231 1044 270 in
1076 231 1253 271 triduum
1283 238 1415 284 patres
1444 231 1584 272 decre-

121 297 277 331 verunt.

235 347 383 388 Eadem
405 354 551 387 aestate
567 347 666 388 alter
686 345 827 387 consul
843 345 887 385 L.
906 345 1085 385 Valerius
1101 345 1267 386 Flaccus
1288 346 1328 386 in
1348 346 1471 386 Gallia
1489 358 1580 386 cum
1603 350 1652 386 22

120 405 309 446 Boiorum
340 418 461 445 manu
492 412 658 458 propter
678 404 859 444 Litanam
891 403 1028 442 silvam
1058 403 1183 454 signis
1213 404 1368 444 collatis
1401 404 1582 444 secundo

121 463 274 516 proelio
307 463 496 503 conflixit.

121 521 268 560 omisso
299 519 404 560 bello
436 521 476 560 in
507 520 615 560 vicos
637 532 731 559 suos
753 525 874 571 atque
903 531 1024 570 agros
1045 519 1199 571 dilapsi.

557 470 646 502 octo
678 461 786 501 milia
818 461 1022 501 Gallorum
1054 473 1165 500 caesa
1196 462 1428 511 traduntur3
1461 461 1582 502 ceteri
1617 468 1635 501 2

1253 519 1394 559 consul
1415 519 1583 559 relicum
1617 525 1635 558 3

118 578 278 619 aestatis
306 578 410 618 circa
438 578 588 617 Padum
618 577 842 617 Placentiae
873 583 910 616 et
941 576 1160 616 Cremonae
1193 577 1411 617 exercitum
1443 577 1583 617 habuit

119 636 385 689 restituitque,
408 648 509 688 quae
530 636 570 675 in
594 635 642 674 iis
664 635 823 688 oppidis
844 633 948 673 bello
971 634 1099 673 diruta
1123 635 1294 674 fuerant.

237 693 335 734 Cum
352 693 416 733 hic
432 700 557 732 status
572 705 704 733 rerum
723 694 764 732 in
780 691 889 732 Italia
908 692 1181 744 Hispaniaque
1199 700 1313 739 esset,
1330 692 1374 731 T.
1394 691 1582 738 Quinctio
1614 700 1633 733 4

119 751 161 791 in
184 750 346 791 Graecia
368 751 420 790 ita
440 750 621 791 hibernis
642 751 752 798 actis,
786 757 829 789 ut
851 750 1026 802 exceptis
1048 749 1211 798 Aetolis,
1243 750 1388 802 quibus
1411 762 1486 790 nec
1507 762 1581 802 pro

118 821 190 862 spe
209 808 397 848 victoriae
419 808 591 861 praemia
619 809 884 860 contigerant,
908 820 983 846 nec
1005 807 1071 846 diu
1090 808 1202 859 quies
1230 808 1388 860 placere
1410 814 1581 860 poterat,

117 866 300 907 universa
317 866 481 906 Graecia
498 865 616 905 simul
632 866 741 919 pacis
763 865 1040 916 libertatisque
1057 866 1268 917 perfruens
1287 865 1404 904 bonis
1422 865 1580 917 egregie

117 930 222 964 statu
253 936 326 964 suo
362 924 551 975 gauderet
583 937 657 963 nec
687 924 812 975 magis
842 923 883 963 in
919 922 1022 962 bello
1054 923 1238 963 virtutem
1271 922 1441 962 Romani
1470 922 1583 962 ducis
1613 932 1631 964 5

118 994 236 1033 quam
265 982 306 1021 in
344 982 508 1021 victoria
544 981 850 1034 temperantiam
887 981 1160 1033 iustitiamque
1192 988 1228 1020 et
1266 980 1584 1020 moderationem

116 1040 350 1087 miraretur,
379 1046 542 1079 senatus
565 1039 814 1084 consultum,
850 1051 929 1091 quo
953 1038 1100 1077 bellum
1132 1039 1319 1078 adversus
1341 1038 1481 1077 Nabim
1505 1038 1584 1078 La-

118 1097 422 1137 cedaemonium
443 1098 647 1137 decretum
671 1103 768 1145 erat,
790 1097 981 1136 adfertur.
1025 1109 1105 1148 quo
1127 1095 1229 1135 lecto
1252 1095 1463 1142 Quinctius
1485 1108 1582 1136 con·
1614 1106 1632 1137 6

114 1177 297 1231 φέροντας
337 1172 423 1209 τότε
459 1175 516 1218 τῷ
553 1172 692 1229 δήμῳ
719 1188 815 1208 τίη

114 1219 356 1264 “Ρωμαι’ων
375 1217 464 1254 καθ’
493 1220 652 1264 εκάστην
677 1218 816 1266 ἡμέραι

116 1265 331 1320 δισμυοιάς
323 1269 383 1300 καὶ
397 1280 467 1301 nez
470 1265 694 1308 τακισχιλιας
697 1255 814 1312 δοαχ·

115 1310 219 1357 μάς.
233 1339 240 1346 .
272 1314 353 1346 ἔστι
386 1311 426 1346 δὲ
451 1315 511 1345 καὶ
536 1314 604 1346 νῦν
636 1311 682 1346 τὰ
706 1310 814 1370 ἆογυ·

116 1362 207 1402 ρεῖα.
225 1356 273 1392 οὐ
290 1362 450 1398 μέντοι
469 1356 716 1402 δημόσια..
734 1356 811 1392 ‹UJ’

116 1405 166 1439 εἰς
198 1402 385 1439 ἰδιωτικὰς
415 1405 621 1449 μεθέστηκε
652 1402 795 1447 κτήσεις

117 1451 226 1496 Marq.
241 1454 273 1493 2,
292 1453 358 1485 252
372 1450 406 1484 ff.
425 1471 470 1475 —
494 1451 667 1491 ferrariis
684 1462 815 1494 argen-

117 1499 306 1541 tar-iisque]
330 1497 401 1540 vgl.
420 1497 507 1531 Gell.
523 1500 552 1536 2
568 1499 623 1537 22,
638 1499 698 1531 29:
727 1498 813 1531 Cato

116 1546 156 1576 in
181 1544 283 1577 libris
301 1544 495 1598 Originum
521 1554 602 1576 eum
627 1545 670 1577 de
686 1544 815 1586 stpa-

115 1591 174 1623 nis
196 1591 387 1631 scriberet,
421 1592 486 1633 qui
519 1593 613 1622 citra
642 1591 815 1622 Hiberum

118 1637 252 1678 colunt,
270 1637 376 1669 verba
394 1637 638 1679 haecposnzt:
662 1632 759 1668 ‘sant
777 1639 813 1669 in

117 1683 174 1715 his
195 1684 409 1725 reg-ionibus
429 1681 629 1736 fem-areae,
655 1685 815 1725 argenti-

114 1728 268 1768 fodinae
279 1723 575 1771 pulelierrimae'
570 1739 615 1759 w
619 1728 817 1761 ahrsehein-

117 1774 187 1808 lich
205 1775 361 1817 bezogen
381 1775 453 1808 sich
473 1775 529 1807 die
543 1755 815 1817 Einrichtungen

117 1820 223 1854 Catos
237 1821 405 1854 zunachst
421 1820 483 1854 auf
493 1820 570 1853 die
563 1830 597 1852 ln
613 1820 671 1853 der
685 1820 815 1853 letzten

117 1865 227 1900 Stelle
242 1867 467 1900 bezeichnete
482 1866 634 1907 Gegend.
649 1885 693 1890 —
719 1867 817 1899 Iocu-

110 1912 263 1956 pletior]
281 1912 348 1946 soll
367 1912 460 1946 wohl
479 1912 574 1945 nicht
592 1912 814 1953 bezeichnen,

116 1958 193 1992 dass
218 1958 274 1992 die
299 1957 542 1992 Provinzialen
567 1958 710 1999 reicher,
735 1967 814 1991 son-

117 2004 202 2038 dern
228 2004 302 2038 dass
320 2004 376 2038 die
390 2004 538 2038 Provinz
565 2004 619 2037 fur
639 2003 725 2038 Rom
745 2005 816 2037 ein-

116 2051 303 2094 traglicher
322 2050 454 2093 wurde‚
470 2050 542 2083 und
559 2050 675 2084 reiche
690 2049 815 2083 Romer

116 2096 154 2129 in
167 2097 233 2130 den
248 2096 482 2140 Ber-gwerken
504 2096 555 2129 als
569 2095 718 2129 Pachter
733 2096 817 2130 oder

116 2141 273 2176 Besitzer
305 2143 378 2176 ihre
403 2142 599 2195 Kapitalien
634 2143 814 2185 anlegtem

115 2189 188 2242 vgl.
214 2188 313 2222 Diod.
340 2192 372 2230 5,
393 2190 455 2223 36:
486 2200 643 2233 ιστερον
673 2186 714 2221 δὲ
736 2188 817 2221 τῶν

116 2229 318 2278 Ῥωμαίων
341 2233 610 2290 κρατησάντων
633 2234 696 2276 τῆς
721 2230 816 2277 Ἰβη-

118 2283 198 2323 ρίας
236 2278 568 2322 π1.ἧι9”οςἸταΙ’.ῶν
609 2278 817 2313 ἐπεπόλασε

117 2328 194 2360 ’τοῖς
221 2325 412 2366 μετάλλοις
441 2329 502 2360 καὶ
532 2324 706 2369 μεγάλους
729 2322 819 2358 ἀπε-

118 2373 275 2416 φέροντο
307 2369 486 2406 πλούτους
519 2370 580 2405 διά
613 2370 682 2414 τὴν
717 2369 817 2416 φιλο-

117 2429 159 2449 κε
161 2414 269 2462 ρδίαν
294 2443 302 2452 .
327 2443 336 2451 .
382 2438 428 2443 ·—
460 2421 666 2462 provincia]
708 2418 817 2451 unab-

119 2463 281 2497 sichtlich
298 2464 516 2498 wiederholt.
533 2484 579 2488 —
602 2464 688 2505 fuit]
715 2475 740 2497 s.
762 2466 815 2503 32,

167 2557 198 2590 8.
217 2555 404 2598 Hispania]
414 2556 434 2577 *
446 2575 490 2580 —
500 2556 814 2600 supplicationem]

886 1174 1174 1208 wahrscheinlich
1193 1175 1288 1208 hatte
1308 1175 1390 1208 Cato
1418 1174 1502 1208 siber
1528 1174 1583 1208 die

886 1220 1050 1254 Selilacht
1064 1219 1149 1264 Kap.
1168 1223 1207 1254 14
1221 1220 1254 1254 ff.
1270 1221 1379 1254 sehon
1395 1220 1511 1254 frulier
1525 1220 1585 1254 be-

885 1268 1021 1300 richtet.

931 1312 993 1347 22.
1020 1315 1119 1347 1—3.
1135 1311 1374 1346 Verbaltnisse
1387 1313 1420 1346 in
1437 1312 1584 1346 Gallien.

935 1363 963 1392 1.
990 1359 1124 1401 eadem]
1152 1359 1221 1402 vgl.
1241 1361 1296 1399 20,
1315 1360 1346 1392 9.
1372 1379 1417 1383 —
1443 1359 1520 1400 L.]*
1540 1378 1586 1382 —

885 1404 1072 1449 Boiorum]
1091 1415 1117 1438 s.
1138 1406 1193 1446 33,
1208 1407 1263 1447 37,
1281 1408 1310 1439 1.
1330 1424 1374 1429 -—-
1398 1405 1584 1445 Litanam]

886 1453 1040 1493 s.42,2;
1068 1453 1240 1493 23,24.7.

932 1499 964 1531 2.
991 1499 1120 1530 omisso
1148 1497 1332 1538 bello]*—
1350 1494 1460 1540 vicos]
1487 1498 1585 1539 s.33‚

885 1545 941 1579 22,
956 1546 987 1578 9.

932 1592 964 1624 3.
996 1589 1136 1630 cir-ca]*
1160 1608 1205 1613 -—-
1237 1590 1480 1631 restituitque]
1514 1589 1585 1632 vgl.

886 1638 940 1677 31,
966 1638 1020 1670 10.
1046 1638 1083 1669 3:
1120 1635 1205 1668 fiber
1230 1635 1285 1668 (lie
1311 1635 1533 1678 Herstellung
1558 1645 1585 1668 s.

886 1684 1005 1723 3226,
1017 1683 1054 1719 3;
1070 1681 1139 1724 vgl.
1151 1683 1269 1721 3246,
1283 1684 1313 1715 9.
1330 1701 1375 1705 —
1391 1680 1466 1714 Von
1477 1680 1582 1724 Kap.1

889 1728 942 1761 bis
960 1728 1096 1761 hierlxer
1114 1727 1149 1771 (ξ
1165 1730 1197 1768 3,)
1225 1728 1268 1760 ist
1295 1727 1368 1761 Liv.
1388 1726 1454 1760 den
1472 1728 1587 1760 Anna-

887 1774 990 1807 listen
1015 1773 1084 1807 und
1111 1784 1188 1806 zum
1207 1773 1305 1806 Teile
1325 1773 1408 1806 Cato
1434 1773 1585 1816 gesolgt;

886 1820 947 1853 das
974 1819 1150 1861 Folgende
1173 1819 1226 1852 bis
1245 1819 1329 1862 Kap.
1346 1822 1387 1853 41
1416 1819 1460 1851 ist
1482 1818 1586 1863 Poly-

886 1866 963 1899 bios
990 1865 1158 1899 entlehnt.

931 1911 1005 1956 22,
1023 1910 1156 1946 4—24.
1200 1910 1490 1954 Verbandlungen
1515 1910 1586 1944 und

886 1957 1067 1991 Beschluss
1093 1957 1180 1990 siber
1211 1956 1277 1990 den
1303 1956 1407 1999 Krieg
1431 1957 1495 1990 mit
1520 1956 1588 1991 Na-

886 2004 950 2037 bis.
977 2003 1067 2036 Plut.
1088 2006 1146 2037 13:
1172 2003 1278 2036 lustin
1298 2006 1352 2043 31,
1372 2006 1398 2036 1.

932 2052 964 2084 4.
986 2051 1051 2091 liic
1074 2051 1248 2090 status..]
1282 2049 1348 2082 wie
1381 2051 1435 2091 33,
1461 2051 1518 2091 41,
1543 2051 1585 2087 9;

886 2095 946 2129 der
982 2095 1164 2139 Ubergang
1197 2096 1266 2128 wie
1301 2097 1357 2136 31,
1384 2096 1438 2136 27,
1468 2097 1502 2133 1;
1530 2096 1585 2135 33,

886 2144 941 2183 27,
956 2145 975 2176 5
991 2153 1023 2175 u.
1039 2152 1068 2175 a.
1094 2161 1140 2165 —
1160 2152 1231 2185 pro
1248 2143 1322 2184 spe]
1349 2152 1375 2175 s.
1392 2142 1445 2182 33,
1461 2143 1515 2181 35,
1534 2144 1585 2175 10.

885 2208 931 2212 —
955 2199 1021 2220 nec
1046 2188 1121 2229 diu]
1148 2198 1175 2222 S.
1203 2189 1258 2229 33,
1282 2190 1337 2227 44,
1359 2190 1389 2220 7.
1414 2207 1461 2212 —
1486 2197 1587 2230 egre-

883 2236 958 2276 gie]
983 2234 1016 2266 in
1044 2234 1351 2276 ausgezeichneter
1377 2232 1514 2274 Weise‚
1539 2229 1587 2266 ‘in

886 2280 1146 2323 vorzsiglichem
1163 2278 1297 2317 Grade⁷;
1321 2279 1393 2322 vgl.
1408 2281 1439 2321 9,
1454 2280 1509 2319 26,
1525 2280 1586 2317 20;

888 2327 942 2367 21,
957 2328 1012 2366 40,
1028 2327 1060 2359 2.
1074 2345 1119 2350 —
1133 2328 1410 2368 temperantiam
1425 2349 1433 2357 .
1450 2350 1458 2358 .
1470 2325 1588 2358 mode-

886 2372 1082 2414 rationem]
1117 2371 1148 2406 d.
1177 2371 1208 2405 h.
1242 2381 1279 2404 er
1305 2381 1376 2404 war
1400 2370 1526 2413 massig
1548 2396 1556 2403 .
1579 2395 1588 2404 .

887 2418 962 2451 sich
987 2418 1097 2451 selbst
1114 2415 1386 2456 beherrschend;
1411 2426 1440 2450 s,
1459 2416 1588 2450 Doder-

886 2463 955 2497 lein
971 2463 1055 2507 Syn.
1077 2465 1109 2503 2,
1124 2464 1190 2497 208
1202 2462 1235 2495 ff.
1254 2482 1300 2487 -—-
1325 2472 1396 2504 quo
1411 2487 1419 2496 .
1434 2487 1443 2496 .
1469 2463 1589 2496 deere-

887 2512 962 2541 tam
977 2511 1068 2550 erat]
1088 2509 1176 2542 nach
1191 2510 1245 2543 33.
1261 2511 1316 2549 45,
1333 2510 1351 2542 3
1367 2508 1450 2551 (vgl.
1464 2508 1586 2549 lustin)

887 2554 974 2588 wird
1000 2555 1054 2588 die
1074 2554 1335 2598 Entscheidung
1361 2554 1439 2588 dem
1462 2554 1587 2594 Quinc-
