1747 2828
152 256 173 287 6

157 371 176 404 7

157 598 177 631 8

158 771 178 803 9

142 883 179 916 10

142 998 179 1030 11

203 72 283 113 128
631 74 757 108 LIBER
782 74 939 109 xxxllu.
988 74 1082 109 cAP.
1108 77 1163 111 25.
1188 77 1244 110 26.

1451 94 1478 114 a.
1497 94 1526 113 u.
1545 94 1570 114 ο.
1587 85 1652 114 559·

202 194 297 243 Argi
318 217 373 222 —
403 199 443 231 et
465 191 550 231 loca
572 192 660 239 alia,
683 205 783 244 quae
804 200 872 232 aut
893 198 1120 244 opportuna
1141 198 1208 232 aut
1228 197 1411 245 suspecta
1431 199 1557 241 erant,
1586 204 1651 231 va-

205 250 295 289 lidis
315 249 522 302 praesidiis
543 249 732 298 firmavit3
755 250 823 288 sed
844 250 949 288 inter
965 251 1062 288 haec
1082 249 1232 300 agenda
1255 262 1437 302 pavorem
1460 249 1652 289 iniectum

205 307 372 347 adventu
388 306 659 345 Romanorum
681 306 928 346 dissimulare
949 307 1252 358 haudquaquam
1271 313 1445 359 poterat3
1469 307 1569 346 etad
1585 319 1653 346 ex-

205 372 364 404 ternum
386 371 578 402 terrorem
607 364 933 403 intestina'etiam
955 364 1095 403 seditio
1118 363 1294 402 accessit.
1345 363 1551 403 Damocles
1572 371 1654 403 erat

206 421 362 472 Argius,
384 421 618 460 adulescens
638 421 798 460 maioris
818 421 938 460 animi
962 423 1078 473 quam
1101 420 1271 468 consilii,
1293 421 1362 472 qui
1382 420 1525 472 primo,
1547 420 1654 460 iure-

205 479 371 517 iurando
394 478 631 529 interposito
646 508 656 526 ,
688 478 735 517 de
757 478 951 530 praesidio
975 477 1208 529 expellendo
1231 490 1321 517 cum
1342 477 1495 517 idoneis
1517 477 1655 517 conlo-

205 543 333 584 cutus,
356 535 448 574 dum
471 535 574 574 vires
593 535 747 574 adicere
769 535 1035 575 coniurationi
1053 535 1196 583 studet,
1217 534 1416 574 incautior
1431 534 1522 574 fidei
1537 535 1655 574 aesti-

206 600 334 632 mator
368 592 453 631 fuit.
505 592 813 644 conloquentem
851 605 941 632 eum
972 604 1062 631 cum
1098 592 1180 631 suis
1217 591 1373 631 satelles
1399 604 1421 631 a
1455 592 1654 644 praefecto

206 649 351 689 missus
373 662 463 688 cum
486 658 722 697 accerseret,
744 649 870 689 sensit
890 649 1091 702 proditum
1114 648 1324 688 consilium
1349 661 1434 688 esse
1455 649 1655 688 hortatus-

208 719 285 758 que
308 714 359 746 εει
382 706 634 754 coniuratos,
663 707 730 759 qui
752 707 937 755 aderant,
972 714 1016 746 ut
1037 706 1191 759 potius,
1225 717 1342 758 quam
1365 705 1507 745 extorti
1527 718 1658 745 more·

208 771 368 812 rentur,
400 776 507 803 arma
537 776 672 803 secum
702 772 901 816 caperent.
953 770 1070 816 atque
1099 763 1148 803 ita
1172 776 1262 802 cum
1296 763 1434 815 paucis
1454 763 1496 802 in
1527 764 1659 803 forum

209 821 339 873 pergit
359 821 417 860 ire
439 821 659 869 clamitans,
681 829 738 868 ut,
760 822 828 873 qui
850 821 993 861 salvam
1016 833 1098 860 rem
1120 820 1320 873 publicam
1342 820 1501 869 vellent,
1522 827 1659 860 aucto-

206 890 289 917 rem
313 884 349 917 et
371 878 511 918 ducem
537 891 579 918 se
600 878 792 918 libertatis
821 885 1097 931 sequerentur.
1138 878 1243 917 haud
1264 890 1359 917 sane
1379 877 1501 917 movit
1521 890 1659 929 quem·

212 948 353 987 quani,
384 935 475 987 quia
506 936 603 976 nihil
636 948 801 987 usquam
832 936 917 987 spei
946 936 1217 988 propinquae,
1254 935 1400 974 nedum
1432 935 1527 974 satis
1556 935 1660 975 firmi

210 992 393 1045 praesidii
427 993 654 1032 cernebant.
704 995 800 1032 haec
828 993 1110 1032 vociferantem
1141 1005 1231 1031 eum
1252 991 1555 1031 Lacedaemonii
1583 992 1661 1031 cir-

212 1057 466 1088 cumventum
490 1063 581 1089 cum
604 1050 685 1089 suis
706 1050 1005 1089 interfecerunt.
1038 1049 1264 1102 comprensi
1280 1049 1421 1088 deinde
1443 1049 1602 1101 quidam
1624 1058 1662 1089 et

144 1110 183 1144 12
211 1105 289 1145 alii.
330 1119 375 1145 ex
393 1107 440 1146 iis
462 1108 581 1146 occisi
603 1109 753 1159 plures,
775 1107 891 1160 pauci
914 1107 954 1146 in
978 1107 1196 1147 custodiam
1218 1105 1410 1156 coniecti;
1432 1106 1551 1147 multi
1568 1118 1662 1159 pro-

211 1163 315 1203 xima
337 1172 454 1203 nocte
471 1164 634 1204 funibus
655 1178 726 1217 per
741 1177 901 1204 murum
923 1164 1083 1204 demissi
1105 1165 1152 1204 ad
1169 1163 1370 1203 Romanos
1386 1164 1662 1216 perfugerunt.

142 1221 194 1258 26
216 1219 426 1266 Quinctius
447 1222 748 1261 adfirmantibus
769 1222 829 1270 iis,
852 1223 883 1261 si
905 1222 952 1261 ad
976 1229 1109 1275 portas
1131 1221 1326 1261 exercitus
1341 1221 1545 1260 Romanus
1565 1221 1663 1261 fuis-

164 1284 183 1316 2

164 1454 184 1485 3

213 1285 284 1326 set,
316 1291 397 1317 non
420 1279 506 1318 sine
529 1280 673 1319 effectu
694 1286 846 1318 motum
869 1291 959 1318 eum
992 1280 1170 1318 futurum
1192 1279 1327 1327 fuisse,
1362 1285 1412 1327 et,
1443 1278 1476 1317 si
1496 1278 1663 1331 propius

213 1342 339 1373 castra
361 1336 680 1383 admoverentur,
709 1349 789 1376 non
813 1337 1020 1388 quieturos
1041 1335 1219 1388 Argivos,
1240 1336 1348 1376 misit
1368 1335 1573 1388 expeditos
1593 1349 1663 1388 pe-

213 1391 313 1430 dites
330 1393 576 1445 equitesque,
600 1394 666 1445 qui
690 1394 793 1433 circa
810 1394 1030 1446 Cylarabim
1051 1416 1106 1422 -—-
1128 1392 1376 1445 gymnasium
1397 1393 1437 1432 id
1458 1400 1517 1432 est
1531 1392 1664 1433 minus

213 1456 414 1488 trecentos
434 1463 574 1502 passus
596 1451 643 1489 ab
666 1450 765 1490 urbe
784 1473 841 1479 —-
862 1463 954 1495 cum
976 1450 1278 1502 erumpentibus
1298 1463 1319 1490 a
1341 1457 1454 1502 porta
1470 1449 1664 1490 Lacedae-

213 1506 359 1545 moniis
380 1507 580 1559 proelium
611 1508 894 1548 commiserunt
915 1515 1035 1560 atque
1055 1520 1123 1547 eos
1150 1507 1255 1547 haud
1282 1519 1426 1559 magno
1449 1507 1664 1547 certamine

214 1582 453 1626 opportuna?
481 1604 524 1609 —
549 1587 723 1627 suspecta]
749 1596 776 1620 S.
793 1597 835 1619 zu
850 1587 905 1627 21,

225 1644 250 1671 ι,
277 1631 308 1662 Τ.

261 1688 293 1721 6.
324 1688 422 1719 inter
455 1688 541 1720 haee
574 1688 727 1729 agenda]
752 1698 778 1721 s.
806 1699 847 1720 zu
874 1690 906 1729 6,

217 1734 316 1774 11,5.
343 1751 384 1755 --
411 1736 601 1766 emm-num
627 1736 812 1774 terrorem]
834 1734 906 1776 vgl.

216 1779 247 1817 3,
266 1779 317 1818 10,
335 1780 386 1811 14.
417 1781 467 1820 16,
482 1781 519 1812 4;
535 1781 753 1821 peregrinus
776 1783 906 1812 terror.

262 1836 294 1868 7.
319 1835 508 1868 Damocles
534 1839 625 1878 erat]
652 1847 677 1870 s.
705 1838 759 1879 33,
774 1838 827 1876 28,
847 1839 905 1869 11:

215 1891 340 1912 servus
365 1885 453 1914 erat.
480 1901 523 1906 -—
547 1883 719 1924 Argius-*J
746 1892 772 1915 S.
792 1893 835 1915 zu
853 1884 907 1922 25,

217 1927 280 1967 25,
305 1928 335 1959 3.
361 1946 406 1950 —-
439 1928 523 1960 dum
546 1953 555 1961 .
578 1955 586 1962 .
608 1928 741 1968 studet]
771 1929 909 1961 vertritt

218 1970 279 2003 das
290 1973 410 2014 primo
425 1973 698 2016 entsprechende
712 1974 850 2007 deinde.
865 1993 909 1997 —

217 2016 304 2056 fidei
328 2020 550 2059 aestimator]
579 2030 614 2052 er
632 2030 703 2052 war
720 2020 815 2053 nicht
832 2030 909 2052 vor-

218 2062 344 2105 sichtig
377 2063 432 2096 bei
467 2065 526 2097 der
556 2065 803 2108 Abschatzung
833 2065 912 2107 (Be-

218 2108 407 2151 urteilung)
425 2109 534 2152 deser,
559 2110 691 2143 welche
711 2122 746 2144 er
763 2112 825 2144 mit
842 2112 908 2145 sei—

218 2163 296 2186 nem
321 2152 407 2187 Plan
430 2155 585 2189 bekannt
609 2156 754 2190 mat-lite.

266 2212 297 2245 S.
318 2214 443 2254 potius
468 2214 592 2255 quam]
625 2223 652 2246 s.
679 2215 710 2255 2,
739 2216 791 2253 15,
812 2216 849 2253 2;
878 2217 909 2254 5,

219 2258 276 2297 46,
291 2259 311 2291 6
329 2268 361 2292 u.
381 2269 430 2298 a.;
457 2258 611 2302 haufiger
629 2259 749 2292 stehen
767 2259 822 2293 die
840 2260 912 2293 bei-

220 2301 287 2334 den
313 2302 450 2337 Worter
481 2308 651 2348 getrennt.
684 2324 729 2329 —
758 2307 909 2346 eoetortz']

221 2358 248 2380 s.
275 2350 329 2391 32,
347 2351 401 2391 38,
420 2352 450 2385 8.

270 2406 301 2438 9.
325 2407 463 2439 salvam
488 2432 499 2442 .

227 2452 280 2492 10,
298 2451 328 2484 2.

273 2498 325 2530 10.
354 2498 450 2530 nihil
479 2509 632 2541 usquam
650 2524 657 2531 .
677 2525 686 2534 .
704 2498 910 2542 cernebant]

226 2540 314 2573 ohne
347 2553 435 2584 esse,
472 2544 539 2577 wie
563 2546 626 2588 44,
653 2547 685 2587 7,
714 2547 742 2578 1.
768 2563 812 2569 —
835 2546 912 2587 spei

524 2433 532 2441 .
558 2407 701 2448 vellent]
735 2418 761 2441 s.
787 2418 830 2440 zu
855 2409 910 2449 22,

973 1587 1213 1627 propinquae]
1231 1588 1353 1627 etwas,
1365 1595 1439 1618 was
1453 1584 1664 1628 gegrfindete

976 1630 1150 1673 Hoffnung
1180 1630 1276 1664 hatte
1308 1630 1491 1664 erwecken
1514 1630 1665 1664 konnen.

976 1696 1022 1701 —
1034 1676 1224 1719 praesidii]
1237 1676 1330 1709 wohl
1343 1676 1539 1718 uberhaupt
1550 1675 1665 1709 Hulss-

978 1722 1102 1764 mittel,
1127 1722 1187 1755 auf
1208 1722 1263 1755 die
1287 1732 1367 1755 man
1391 1722 1466 1756 sich
1489 1721 1666 1755 verlassen

976 1768 1101 1801 kbnne.

1027 1816 1078 1847 11.
1113 1814 1212 1854 haec]
1244 1813 1328 1855 geht
1352 1813 1414 1846 auf
1434 1814 1455 1855 ξ
1480 1814 1501 1846 9
1525 1814 1666 1855 zuriick,

979 1869 1107 1892 wovon
1124 1869 1161 1892 es
1179 1858 1256 1891 hart
1272 1858 1379 1892 durch
1404 1858 1426 1902 ξ
1445 1860 1486 1892 10
1507 1863 1667 1901 geu-eunt

979 1906 1040 1944 ist;
1065 1904 1135 1947 vgl.
1161 1905 1182 1947 ξ
1202 1906 1234 1938 2.
1258 1923 1304 1929 —
1328 1904 1619 1945 Lacedaemonii]
1637 1915 1666 1939 s.

980 1953 1034 1991 32,
1051 1952 1107 1991 40,
1125 1953 1157 1984 2.

1025 1996 1089 2030 26.
1114 1998 1145 2029 2.
1174 1997 1341 2038 propius]
1366 2005 1393 2028 s.
1419 1997 1452 2037 2,
1469 1997 1524 2038 30,
1544 1998 1597 2030 10.
1622 2014 1669 2020 -

980 2042 1165 2084 eoepeditos
1178 2067 1187 2074 .
1202 2040 1227 2085 .]
1252 2051 1277 2074 s.
1296 2052 1340 2074 zu
1358 2043 1413 2082 30,
1429 2043 1463 2083 9,
1482 2044 1519 2081 1;
1536 2042 1606 2084 vgl.
1623 2051 1669 2074 zu

981 2090 1045 2129 28,
1071 2090 1101 2120 3.
1139 2107 1184 2112 —-
1221 2085 1446 2130 Cylarahim]
1480 2086 1551 2130 vgl.
1576 2086 1669 2121 Plut.

980 2132 1102 2177 Pyrrh.
1128 2134 1182 2173 32,
1208 2134 1247 2172 3;
1274 2131 1375 2184 Paus.
1401 2134 1433 2174 2,
1458 2133 1514 2186 22,
1542 2134 1601 2166 10;
1627 2134 1669 2166 ἐν

981 2175 1668 2268 {amam.1}<v‚tz<5;r;‘:.².fltz

981 2269 1059 2303 dort
1083 2269 1256 2311 begrabeu
1279 2270 1373 2308 sein;
1399 2279 1426 2305 S.
1444 2268 1544 2303 Paus.
1563 2271 1596 2311 2,
1617 2271 1669 2309 18,

981 2317 1022 2353 4;
1054 2325 1091 2349 es
1115 2315 1172 2357 lag
1205 2325 1265 2347 vor
1297 2314 1376 2348 dem
1405 2314 1495 2348 nach
1521 2314 1670 2360 Tirynth

982 2360 1170 2394 ffibrenden
1195 2359 1309 2394 Thore
1333 2360 1542 2404 Diamperes.

1029 2408 1061 2440 3.
1078 2407 1347 2448 erumpentibus
1363 2417 1385 2438 a
1399 2407 1521 2448 porta]
1538 2406 1668 2441 ebenso

982 2454 1038 2494 28,
1062 2454 1098 2491 9;
1131 2451 1201 2493 vgl.
1227 2453 1282 2493 43,
1309 2453 1363 2493 23,
1389 2453 1430 2491 4;
1454 2468 1500 2481 =
1522 2448 1605 2485 ‘von
1626 2477 1635 2485 .
1658 2476 1669 2487 .

981 2493 1070 2535 her';
1098 2501 1197 2530 sonst
1213 2508 1260 2529 eae
1284 2497 1374 2540 oder·
1388 2496 1448 2530 der
1471 2496 1584 2532 blorse
1600 2496 1671 2531 Ab-

982 2543 1084 2583 lativ;
1111 2552 1137 2576 s,
1163 2544 1218 2585 35,
1238 2544 1292 2585 11,
1309 2545 1341 2577 4.
