1795 2844
545 75 671 109 LIBER
696 75 855 109 xxxlm.
903 74 998 109 CAP.
1024 77 1079 110 33.
1105 76 1158 110 34.
1485 73 1564 112 143

108 95 133 114 a..
147 87 213 114 Chr.
231 95 261 115 n.
281 88 341 115 195.

109 192 264 246 imperii
281 191 490 245 adsumpto
512 191 662 246 populo
680 191 860 231 Romano
884 199 922 231 et
939 192 1119 245 exemplo
1142 192 1289 232 multos
1310 192 1350 231 in
1369 191 1455 231 aliis
1472 191 1566 231 civi-

108 250 254 290 tatibus
275 249 322 289 ad
345 249 612 289 insidiandum
644 250 813 289 libertati
836 249 981 289 civium
1005 262 1168 289 suorum
1192 250 1464 289 incitaturum.
1506 250 1567 302 ip-

108 308 191 348 sius
212 307 463 360 imperatoris
483 308 640 347 animus
660 307 706 346 ad
729 319 867 360 pacem
895 306 1124 346 inclinatior
1146 314 1241 347 erat.
1282 307 1437 346 videbat
1459 308 1565 346 enim

108 364 316 418 compulso
347 365 451 404 intra
481 366 639 404 moenia
668 366 783 404 hoste
814 364 913 404 nihil
945 371 1102 417 praeter
1133 365 1380 404 ohsidionem
1403 371 1564 413 restare,

108 435 193 463 eam
215 429 349 462 autem
370 422 455 462 fore
476 422 726 470 diuturnan13
760 434 840 461 non
865 422 971 461 enim
995 421 1204 474 Gytheum,
1227 423 1333 475 quod
1355 423 1486 475 ipsum
1508 429 1567 461 ta-

107 492 200 520 men
221 480 423 528 traditum,
454 492 535 519 non
559 485 827 532 expugnatum
851 486 970 528 esset,
1001 480 1067 518 sed
1092 480 1445 526 Lacedaemonem,
1472 479 1566 519 vali-

107 538 310 577 dissimam
328 537 468 577 urbem
484 537 579 576 viris
595 539 809 589 armisque,
827 544 1143 590 oppugnaturos.
1170 550 1291 577 unam
1310 550 1419 590 spem
1433 537 1567 584 fuisse,

107 595 141 635 si
164 608 240 648 qua
274 594 578 634 admoventibus
606 595 821 634 exercitum
853 595 1048 634 dissensio
1079 595 1183 635 inter
1212 596 1321 648 ipsos
1352 608 1397 635 ac
1427 596 1565 635 seditio

108 652 268 693 excitari
292 659 448 705 posset;
482 665 572 692 cum
595 653 706 703 signa
730 652 858 705 portis
879 664 1007 705 prope
1029 653 1168 692 inferri
1192 659 1416 699 cernerent,
1439 653 1566 692 nemi-

106 722 197 750 nem
216 723 258 749 se
273 710 454 749 movisse.
486 710 679 749 adiciebat
696 717 840 749 etcum
859 710 1056 749 Antiocho
1074 711 1233 750 infidam
1251 723 1387 763 pacem
1406 710 1565 750 Villium

108 767 281 819 legatum
314 767 407 806 inde
427 768 662 807 redeuntem
696 769 904 817 nuntiare3
936 768 1062 807 multo
1086 768 1302 807 maioribus
1336 780 1452 820 quam
1474 776 1565 807 ante

107 824 360 865 terrestribus
376 824 660 878 navalibusque
677 825 804 878 copiis
820 826 860 864 in
879 825 1081 878 Europam
1106 838 1196 864 eum
1214 826 1413 865 transisse.
1451 825 1483 864 si
1501 838 1568 865 oc-

107 889 293 936 cupasset
314 882 468 922 obsidio
491 882 802 922 Lacedaemonis
823 883 1053 930 exercitum,
1076 883 1222 935 quibus
1243 883 1329 922 aliis
1351 883 1478 936 copiis
1499 883 1567 922 ad·

104 952 242 980 versus
270 951 403 991 regem
428 947 506 979 tam
539 940 710 980 validum
733 953 778 980 ac
808 946 1011 993 potentem
1044 914 1193 980 bellum
1225 939 1438 992 gesturos?
1469 941 1566 980 haec

105 997 309 1051 propalam
328 997 503 1047 dicebat3
527 997 590 1037 illa
615 998 730 1037 tacita
752 998 915 1038 suberat
935 1010 1044 1044 cura,
1067 1011 1118 1038 ne
1139 1010 1266 1038 novus
1288 998 1429 1038 consul
1446 998 1566 1038 Grae·

106 1055 204 1094 ciam
236 1055 481 1107 provinciam
515 1055 724 1095 sortiretur
746 1062 784 1095 et
813 1056 996 1095 inchoata
1028 1055 1119 1095 belli
1150 1056 1313 1095 victoria
1344 1056 1564 1095 successori

104 1113 294 1152 tradenda
317 1118 432 1151 esset.
474 1124 564 1152 cum
586 1113 773 1152 adversus
794 1113 993 1152 tendendo
1026 1113 1122 1152 nihil
1145 1120 1322 1152 moveret
1343 1114 1488 1161 socios,
1511 1113 1564 1152 si-

104 1169 293 1209 mulando
312 1182 353 1208 se
370 1170 542 1209 transire
559 1170 599 1209 in
623 1183 759 1209 eorum
778 1170 1014 1210 sententiam
1035 1171 1163 1210 omnis
1182 1172 1221 1210 in
1239 1171 1451 1210 adsensum
1469 1183 1566 1210 con-

104 1227 181 1267 silii
211 1228 271 1266 sui
294 1227 478 1267 traduxit.
525 1223 652 1267 ‘bene
672 1224 814 1267 vertat³
840 1228 990 1280 inquit,
1008 1223 1021 1238 ⁶
1035 1228 1284 1268 obsideamus
1304 1228 1568 1268 Lacedaemo-

105 1296 216 1330 nem,
248 1284 406 1337 quando
444 1286 496 1324 ita
534 1285 685 1338 placet;
716 1285 814 1324 illud
849 1286 968 1324 modo
1005 1298 1054 1325 ne
1083 1286 1208 1325 fallat:
1240 1287 1444 1337 [ceterum]
1476 1299 1564 1326 cum

103 1355 170 1382 res
189 1349 267 1382 tam
287 1343 408 1389 lenta,
432 1355 549 1395 quam
572 1343 648 1395 ipsi
665 1342 788 1390 scitis,
811 1344 1059 1396 oppugnatio
1077 1343 1238 1383 urbium
1260 1344 1310 1384 sit
1328 1351 1363 1382 et
1382 1344 1567 1383 obsiden-

103 1399 211 1439 tibus
231 1399 344 1452 prius
373 1412 490 1452 saepe
522 1413 638 1452 quam
671 1400 842 1440 obsessis
866 1401 1037 1440 taedium
1060 1401 1228 1449 adferat,
1260 1401 1335 1441 iam
1360 1414 1468 1441 nunc
1490 1403 1567 1441 hoc

101 1458 153 1497 ita
186 1469 414 1510 proponere
435 1470 505 1496 vos
535 1458 677 1496 animis
707 1465 890 1510 oportet,
921 1458 1213 1498 hibernandum
1245 1459 1349 1498 circa
1370 1459 1566 1499 Lacedae-

103 1547 292 1589 adsumpto
304 1548 438 1590 populo
453 1547 626 1588 Romano]
642 1558 668 1581 s.
683 1558 726 1580 zu
741 1549 796 1588 27,
870 1550 923 1588 33,
945 1550 1000 1588 38,
1029 1550 1042 1582 1
1058 1548 1092 1581 ff.
1120 1549 1320 1583 erwahnten
1343 1548 1562 1593 Rustungem

102 1595 294 1635 34,3;zum
309 1592 497 1626 Gedanken
512 1594 582 1636 vgl.
605 1594 795 1635 3:3,47,4f.
867 1595 938 1637 vgl.
966 1596 1025 1635 33,
1051 1597 1112 1636 49,
1143 1598 1170 1630 1.
1203 1615 1247 1619 —
1280 1598 1501 1638 occupasset]
1537 1608 1562 1631 s.

147 1642 181 1673 9.
206 1638 334 1680 enz'm]*
869 1642 923 1681 24,
950 1642 1004 1680 38,
1031 1644 1061 1675 5.

150 1687 202 1719 10.
240 1684 486 1727 diuturnam]*
518 1705 564 1709 —
601 1685 796 1730 Gytheum]

102 1741 128 1764 s.
154 1741 197 1763 zu
223 1732 278 1772 29,
304 1732 336 1764 2.

149 1778 203 1810 11.
228 1787 325 1819 spem
341 1803 348 1811 .
365 1778 386 1817 .]
412 1776 506 1810 diese
540 1787 613 1810 war
636 1776 693 1810 bei
720 1776 796 1811 dem

100 1822 274 1855 Zustande
300 1822 360 1856 der
386 1821 486 1856 Stadt
511 1825 550 1863 (s.
567 1825 620 1864 27,
637 1825 667 1857 3.
684 1825 739 1865 36,
752 1825 796 1865 3),

100 1868 162 1901 der
180 1868 362 1908 Quinctius
387 1869 483 1902 nicht
500 1868 703 1902 unbekannt
722 1869 796 1902 sein

100 1913 242 1956 konnte,
268 1915 385 1957 wenig
408 1915 595 1948 motiviert.
613 1933 658 1939 —
676 1915 798 1947 admo-

100 1959 278 2004 ventibus]
304 1960 396 1993 kann
424 1960 474 1994 als
501 1960 602 1993 Dativ
636 1960 719 1993 oder
744 1961 795 1994 als

101 2005 305 2048 (absolutes)
326 2006 468 2040 Ablativ
485 2016 689 2049 genommen
709 2017 796 2040 wer-

100 2052 181 2090 den;
209 2062 236 2085 s.
263 2062 303 2085 zu
332 2054 386 2094 23,
415 2054 474 2095 12,
505 2055 532 2086 l.
558 2072 600 2077 —
627 2051 795 2094 infer-ris*

150 2099 202 2132 12.
238 2097 306 2139 et]*
348 2117 392 2122 —
433 2098 597 2139 infidam]
630 2109 656 2131 s.
691 2101 729 2139 5,
762 2101 794 2140 4,

103 2145 155 2177 13.
181 2163 226 2167 —
252 2143 415 2185 Villium]
442 2144 554 2178 dieser
578 2145 622 2177 ist
651 2146 712 2185 33,
737 2147 793 2185 44,

100 2192 119 2222 5
146 2189 180 2222 in
206 2188 293 2222 Rom
326 2190 397 2223 und
430 2190 518 2223 wird
544 2195 612 2223 erst
640 2192 702 2227 34,
738 2192 794 2234 59,

102 2237 121 2268 8
146 2235 276 2268 wieder
301 2246 342 2269 zu
367 2236 560 2270 Antiochus
595 2235 792 2279 geschickt;

100 2291 203 2314 wenn
217 2291 252 2314 er
261 2281 351 2323 Jetzt
368 2292 390 2312 v
393 2292 436 2315 on
447 2282 638 2316 Antiochus
650 2282 794 2323 kommt,

100 2336 140 2359 so
165 2328 256 2359 muss
282 2327 358 2360 eine
387 2327 448 2361 der
464 2327 550 2372 Kap
569 2330 612 2362 59
637 2328 794 2361 erwahn-

99 2376 158 2405 ten
178 2371 343 2415 Sendung
359 2383 690 2417 vorausgegangene
711 2374 795 2407 Sen-

100 2417 196 2461 dung
227 2418 409 2452 desselben
444 2420 530 2453 nach
565 2419 687 2464 Syrien
725 2431 793 2453 xon

99 2463 173 2497 Liv.
198 2463 294 2497 nicht
319 2465 490 2499 berichtet
508 2466 597 2506 sein;
625 2477 651 2499 s.
668 2466 793 2499 Nissen

100 2508 171 2543 ΚΠ.
207 2511 282 2543 162.
330 2509 396 2544 Der
426 2511 651 2555 Komparativ
681 2514 794 2545 maio-

99 2556 202 2588 ribus
234 2555 372 2589 bezieht
405 2557 477 2590 sich
519 2557 607 2591 dann
642 2558 704 2590 auf
739 2558 793 2590 die

919 1689 970 1720 14.
998 1687 1074 1727 illa]
1100 1687 1237 1720 vertritt
1254 1687 1412 1730 zugleich
1431 1687 1484 1721 die
1499 1688 1563 1722 Be-

869 1732 1063 1775 zeichnung
1107 1732 1167 1766 des
1211 1732 1445 1776 Gegensatzes
1491 1735 1560 1768 und

868 1778 955 1811 wird
994 1778 1099 1811 durch
1137 1789 1182 1811 ne
1203 1804 1211 1812 .
1235 1804 1242 1811 .
1268 1778 1408 1813 erkl'art.
1434 1799 1478 1803 —
1504 1791 1567 1813 no-

870 1835 954 1858 vus.
974 1826 994 1865 .]
1021 1825 1088 1857 wie
1116 1826 1179 1865 32,
1206 1826 1269 1865 32,
1298 1827 1334 1864 7;
1372 1835 1408 1858 es
1441 1825 1486 1859 ist
1521 1837 1563 1860 an

869 1871 969 1903 einen
997 1869 1056 1903 der
1074 1872 1129 1911 42,
1149 1872 1167 1904 3
1196 1871 1393 1904 Ernannten
1419 1882 1460 1904 zu
1481 1872 1563 1905 den-

868 1916 946 1958 ken,
974 1915 1014 1949 da
1030 1916 1210 1955 Quinctius
1237 1919 1292 1958 34,
1306 1919 1336 1952 2.
1353 1920 1372 1951 6
1394 1927 1463 1950 von
1487 1918 1564 1951 dem

868 1962 1002 1995 Winter
1056 1962 1106 1995 als
1161 1962 1248 1996 nahe
1308 1963 1564 1997 bevorstehend

868 2008 1008 2052 spricht.
1034 2027 1079 2031 —
1105 2008 1318 2044 inchoata*.
1343 2011 1364 2050 .]
1393 2011 1564 2043 inchoata

868 2055 989 2097 gehort
1015 2065 1057 2086 zu
1084 2054 1161 2087 dem
1199 2056 1297 2088 einen
1325 2054 1457 2098 Begriff
1481 2057 1565 2089 belli

870 2103 1041 2138 victoria:
1069 2100 1138 2142 vgl.
1165 2102 1204 2143 2,
1238 2103 1294 2143 48,
1324 2105 1357 2135 1;
1394 2103 1562 2135 inchoata

866 2157 943 2189 spe;
960 2148 1013 2185 29,
1026 2147 1079 2187 23,
1096 2147 1132 2179 3:
1155 2148 1326 2180 inchoata
1341 2150 1473 2181 mentio
1488 2159 1521 2181 u.
1533 2159 1562 2181 a.

868 2210 907 2216 —
937 2192 1020 2224 belli
1044 2193 1212 2235 victoria]
1233 2203 1259 2226 s.
1279 2194 1332 2234 23,
1356 2197 1407 2235 11,
1427 2196 1466 2227 2;
1494 2197 1564 2226 vic-

868 2240 964 2271 toria
990 2238 1116 2276 duell&
1142 2239 1213 2281 vgl.
1240 2249 1282 2271 zu
1309 2241 1340 2280 2,
1367 2242 1421 2281 60,
1448 2243 1479 2274 4.

911 2283 977 2319 34.
1006 2287 1035 2319 1.
1062 2284 1234 2317 adversus
1260 2285 1450 2325 tendendo]
1477 2295 1504 2318 s.
1520 2295 1561 2317 zu

867 2330 922 2371 23,
950 2333 1004 2371 14,
1030 2332 1060 2364 8.

913 2377 943 2409 2.
977 2378 1049 2408 iam
1084 2378 1192 2417 nunc]
1221 2386 1247 2408 s.
1275 2378 1312 2418 3,
1337 2378 1393 2417 40,
1423 2378 1478 2415 12;
1507 2377 1561 2418 31,

867 2423 921 2463 32,
948 2423 978 2455 3.
1007 2441 1049 2445 —-
1072 2432 1275 2464 proponere
1301 2449 1307 2456 .
1329 2447 1337 2455 .
1362 2424 1506 2463 animis]
1534 2433 1561 2456 s.

866 2477 908 2500 zu
935 2470 989 2510 31,
1015 2470 1070 2508 40,
1100 2470 1127 2500 1.

914 2515 944 2546 3.
960 2514 1102 2553 animis]
1122 2513 1202 2555 geht
1221 2513 1407 2546 chiastisch
1425 2512 1486 2546 aus
1498 2524 1558 2557 pe-

865 2559 1043 2600 riculum,
1072 2561 1283 2602 corporibus
1309 2559 1368 2592 auf
1393 2559 1559 2593 laborem.

1598 427 1635 460 10

1599 542 1635 574 11

1598 715 1634 748 12

1600 832 1636 864 13

1597 948 1635 980 14

1585 1116 1636 1153 34

1599 1236 1617 1268 2
