1747 2828
171 658 185 665 “
218 648 342 689 iussit.

221 78 301 117 112
668 79 794 114 LIBER
817 78 976 114 xxxlnl.
1025 79 1118 113 CAP.
1147 81 1198 115 13.

1470 100 1494 118 a.
1513 99 1541 119 u.
1558 99 1582 119 c.
1600 91 1661 120 559.

219 194 266 234 ab
290 193 487 246 Emporiis
509 193 653 246 posuit.
700 193 790 233 inde
813 207 883 247 per
905 194 1132 234 occasiones
1155 206 1262 234 nunc
1290 194 1363 234 hac
1384 200 1518 247 parte,
1549 207 1657 235 nunc

219 250 281 290 illa
305 251 458 290 modico
477 250 671 302 praesidio
694 251 830 290 castris
851 251 989 290 relicto
1012 251 1239 303 praedatum
1262 250 1404 290 milites
1425 251 1465 291 in
1482 251 1659 291 hostium

220 319 335 360 agros
365 307 543 347 ducebat.
596 313 711 346 nocte
742 308 864 347 ferme
894 307 1272 361 proficiscebantur,
1302 313 1346 347 ut
1366 313 1404 347 et
1433 320 1550 361 quam
1571 308 1662 348 lon-

221 364 379 417 gissime
401 377 420 403 a
443 364 580 403 castris
601 364 861 416 procederent
883 372 920 404 et
943 364 1188 417 inopinantis
1211 365 1493 418 opprimerent.
1535 371 1573 404 et
1594 378 1661 404 ex-

224 421 377 461 ercebat
401 434 442 460 ea
466 434 528 460 res
553 434 673 460 novos
695 421 851 470 milites,
882 428 920 461 et
940 423 1111 461 hostium
1133 434 1275 473 magna
1295 421 1351 460 vis
1374 421 1659 474 excipiebatur;

222 490 293 518 nec
316 478 390 516 iam
415 478 546 529 egredi
564 483 669 517 extra
691 479 936 518 munimenta
963 479 1214 518 castellorum
1236 478 1444 519 audebant.
1482 478 1548 518 ubi
1569 479 1662 519 satis

221 535 269 574 ad
289 535 388 574 hunc
409 535 569 574 modum
593 540 630 574 et
651 547 812 575 suorum
836 541 873 575 et
895 535 1066 575 hostium
1089 536 1242 575 animos
1264 540 1322 575 est
1343 540 1542 588 expertus,
1565 548 1662 575 con-

219 592 350 631 voca1i
381 591 564 631 tribunos
566 593 892 660 praefectosque
924 598 962 631 et
998 592 1148 645 equites
1178 592 1306 632 omnis
1336 599 1375 631 et
1409 592 1664 633 centuriones

388 642 579 701 ‘'tempus
606 649 754 701 inquit,
771 645 895 701 quod
927 662 1044 702 saepe
1075 650 1259 702 optastis,
1290 648 1413 697 venit,
1446 661 1524 701 quo
1553 649 1665 689 vobis

221 712 392 759 potestas
424 706 535 745 fleret
568 706 750 745 virtutem
779 712 945 746 vestram
976 706 1220 746 ostendendi.
1271 706 1398 746 adhuc
1419 706 1665 759 praedonum

220 763 343 814 magis
372 775 488 814 quam
519 762 750 802 bellantium
780 763 974 802 militastis
1002 775 1131 812 more,
1166 776 1273 803 nunc
1304 763 1405 802 iusta
1434 774 1567 815 pugna
1590 764 1665 803 ho-

220 827 298 860 stes
327 832 415 859 cum
451 819 631 859 hostibus
658 820 871 859 conferetis
899 832 1059 869 manus3
1091 832 1171 859 non
1203 832 1319 872 agros
1347 819 1439 859 inde
1467 820 1666 872 populari,

222 877 289 917 sed
311 876 466 916 urbium
491 889 586 929 opes
610 877 815 916 exhaurire
836 876 983 916 licebit.
1025 883 1156 929 patres
1177 877 1316 926 nostri,
1348 888 1437 916 cum
1459 878 1502 916 in
1523 876 1678 930 Hispa-'

224 934 286 973 nia
309 933 689 985 Carthaginiensium
713 940 750 973 et
771 934 1028 986 imperatores
1049 934 1132 984 [ibi]
1154 940 1192 973 et
1214 934 1408 974 exercitus
1424 939 1569 982 essent,
1590 934 1668 986 ipsi

224 990 377 1030 nullum
398 991 438 1030 in
462 1003 505 1030 ea
527 990 689 1030 militem
711 990 927 1039 haberent,
960 997 1089 1030 tamen
1113 991 1201 1030 addi
1221 991 1298 1030 hoc
1318 991 1360 1030 in
1380 991 1536 1030 foedere
1556 991 1668 1030 volu-

176 1057 189 1066 ”
223 1054 361 1095 erunt,
391 1055 435 1087 ut
456 1048 612 1100 imperii
645 1048 704 1087 sui
728 1047 896 1087 Hiberus
917 1047 1059 1087 fluvius
1081 1054 1181 1087 esset
1202 1048 1314 1097 finis;
1347 1059 1456 1087 nunc
1477 1060 1566 1087 cum
1588 1048 1666 1087 duo

221 1112 443 1157 praetores,
472 1117 562 1144 cum
594 1104 757 1151 consul,
788 1117 878 1143 cum
909 1111 988 1144 tres
1017 1104 1210 1144 exercitus
1239 1104 1407 1144 Romani
1438 1104 1667 1157 Hispaniam

221 1160 437 1209 obtineant,
460 1161 843 1214 Carthaginiensium
866 1161 1001 1201 decem
1023 1162 1098 1201 iam
1127 1174 1252 1214 prope
1273 1161 1388 1201 annis
1409 1173 1525 1201 nemo
1547 1162 1587 1201 in
1609 1162 1670 1202 his

979 1282 1023 1286 —
1046 1261 1328 1305 praefectosque]
1354 1261 1455 1296 naml.
1473 1264 1669 1302 sociorum:

980 1318 1007 1341 s.
1034 1309 1088 1349 23,
1116 1310 1150 1349 7,
1176 1310 1207 1342 3.
1233 1327 1277 1331 -
1303 1309 1450 1350 equites]
1483 1307 1537 1341 die
1567 1309 1672 1342 romi-

981 1353 1104 1391 schem
1139 1363 1164 1386 s.
1193 1355 1247 1394 31,
1277 1355 1335 1392 173
1368 1355 1421 1396 33,
1445 1355 1500 1394 43,
1527 1356 1562 1393 7;
1597 1354 1670 1388 also

982 1401 1064 1440 600,
1091 1398 1178 1432 dazu
1205 1400 1269 1432 120
1300 1398 1470 1432 romische
1496 1399 1671 1433 Centurio-

221 1262 390 1301 lu'berna,
429 1261 483 1295 die
522 1262 594 1295 Liv.
629 1273 691 1295 nur
727 1262 815 1295 noch
854 1263 908 1303 29,

222 1308 276 1348 35,
294 1309 332 1340 13
357 1307 556 1349 gebi-auehi,
578 1308 622 1341 ist
645 1308 718 1341 hier
734 1308 910 1341 vielleicht

221 1361 288 1385 von
312 1352 440 1385 seinem
456 1353 723 1386 Gewahrsmann
747 1353 828 1386 oder
840 1364 908 1387 von

221 1397 291 1430 ihm
317 1397 425 1430 selbst
452 1409 511 1432 aus
534 1399 616 1432 Cato
638 1409 841 1441 genommen
865 1400 907 1440 (s.

221 1442 251 1475 d.
280 1442 387 1476 Stelle
414 1454 474 1477 aus
501 1444 659 1486 Fronto);
691 1444 759 1485 vgl.
786 1444 910 1477 Nissen

220 1487 288 1522 ΚΠ.
311 1491 385 1522 155.
424 1489 502 1523 Dass
526 1490 598 1522 Liv.
618 1490 727 1523 selbst
748 1490 842 1522 nicht
867 1500 909 1522 an

219 1533 274 1566 ein
296 1533 526 1578 Winterlager
553 1535 699 1577 gedacht
723 1535 793 1575 hat,
819 1535 908 1578 zeigt

219 1578 278 1612 das
317 1579 477 1622 folgende
509 1581 725 1623 praedatum
749 1607 756 1614 .
782 1608 789 1615 .
815 1583 851 1613 in
874 1606 881 1614 .
899 1608 906 1614 .

218 1634 358 1666 agros
383 1625 449 1658 und
470 1628 521 1668 16,
538 1628 575 1660 3:
600 1627 647 1658 ad
657 1627 906 1669 praedandum

217 1672 256 1702 in
280 1680 399 1712 agros,
424 1691 468 1695 —
494 1674 566 1704 tria
592 1673 706 1713 milia]
737 1682 763 1705 s.
794 1675 845 1712 11,
875 1674 902 1705 1.

263 1717 293 1749 3.
328 1719 440 1757 noete]
477 1722 573 1751 sonst
606 1718 742 1751 werden
777 1717 904 1751 Nacht-

216 1761 369 1794 m'arsche
390 1763 579 1805 gemieden.
601 1783 645 1787 —
667 1765 902 1806 inopinantis]

215 1816 242 1839 s,
264 1808 317 1849 31,
336 1808 391 1842 25.
408 1809 438 1842 2.
464 1828 509 1832 —
534 1811 655 1850 novos]
678 1809 743 1850 die,
769 1809 902 1842 welche

213 1852 248 1883 in
263 1851 338 1885 dem
354 1852 460 1887 Heere
477 1856 567 1897 jetzt
585 1865 661 1887 zum
683 1859 796 1888 ersten
813 1854 902 1888 Male

215 1897 363 1931 dienten.
379 1899 674 1934 Wahrscheinlich
685 1900 820 1934 bezieht
829 1900 902 1934 sich

215 1942 275 1975 auf
307 1943 367 1977 das
399 1945 473 1979 hier
498 1946 683 1979 Erwahnte
708 1946 833 1980 Fronto
860 1945 901 1978 ad

212 1987 339 2021 Verum
354 1990 433 2033 imp.
450 1991 476 2023 ΙΙ
494 1993 507 2025 1
530 1992 562 2025 S.
584 1993 646 2025 129
662 1992 702 2025 N.
717 2006 723 2025 :
749 1992 835 2024 Cato
852 2018 858 2025 .

213 2036 351 2067 interea
399 2047 688 2080 unamquamque
736 2041 902 2080 turmam,

212 2080 448 2124 manipulum,
475 2085 656 2115 cohortem
676 2084 901 2125 temptabam,

213 2125 301 2166 quid
323 2125 444 2165 faeere
457 2131 604 2171 possent
612 2141 623 2168 ,·
645 2130 794 2171 proeliis
815 2129 901 2160 levi-

212 2172 276 2202 bus
292 2175 504 2226 spectabam,
532 2175 734 2206 cuiusmodi
751 2177 900 2217 quisque

212 2219 322 2257 esseu-
345 2220 377 2250 sz‘
404 2221 483 2261 quis
499 2222 642 2252 strenue
667 2219 813 2262 fecerat,
840 2221 900 2252 do-

211 2263 342 2294 naham
367 2265 529 2308 honeste,
554 2268 595 2297 ut
619 2265 686 2297 alii
709 2266 803 2298 idem
828 2266 897 2298 vel-

213 2306 285 2339 lent
301 2308 433 2351 s'acer,e
460 2314 567 2354 atque
585 2312 624 2343 in
643 2313 806 2344 contione
824 2323 899 2344 ver-

213 2352 264 2383 lus
288 2355 410 2387 multis
429 2357 633 2390 laudabam.
668 2358 813 2389 interam
833 2357 900 2390 ali-

212 2402 298 2438 quot
328 2411 480 2442 pauca
521 2405 677 2435 eastra
709 2402 802 2442 feci,·
838 2402 901 2435 sed

210 2444 273 2474 ubi
303 2448 390 2478 anni
423 2450 561 2490 tempus
591 2450 705 2490 venit,
742 2451 898 2481 eastra

212 2488 333 2522 lubet
343 2502 416 2525 na
432 2507 482 2532 ..ς
510 2504 538 2527 s.
563 2493 691 2526 Jordan
717 2493 852 2528 S.1.xv1

257 2537 289 2569 4.
315 2538 362 2569 ad
385 2538 479 2572 hune
503 2539 678 2579 modum*]
705 2539 773 2583 vgl.
799 2540 819 2582 ξ
846 2541 897 2573 10.

982 1454 1047 1477 nen
1072 1443 1141 1477 und
1161 1445 1199 1485 Je
1228 1445 1267 1477 12
1294 1443 1469 1477 Tribunen
1499 1444 1568 1478 und
1593 1444 1674 1478 Pra-

983 1489 1112 1522 sekten.
1161 1489 1204 1522 Es
1230 1489 1316 1522 wird
1348 1490 1421 1523 also
1446 1489 1527 1523 kein
1553 1490 1670 1524 Consi-

982 1535 1064 1567 lium
1089 1534 1251 1575 bemsen,
1277 1535 1311 1567 in
1337 1535 1506 1568 welchem
1530 1535 1585 1569 die
1609 1535 1671 1569 Le-

980 1584 1082 1623 gaten
1105 1580 1199 1613 nicht
1215 1579 1330 1613 fehlen
1350 1580 1503 1623 wiirden,
1520 1581 1669 1615 sondern

979 1626 1053 1659 eine
1080 1626 1221 1667 Contio,
1256 1636 1318 1658 nur
1350 1626 1444 1659 nicht
1476 1637 1545 1660 von
1577 1627 1669 1661 allen

978 1671 1159 1708 Soldaten;
1206 1671 1383 1704 vielleicht
1419 1682 1493 1704 war
1532 1672 1567 1705 in
1608 1672 1668 1706 der

977 1716 1096 1756 Quelie
1123 1716 1182 1750 des
1208 1716 1280 1750 Liv.
1307 1716 1362 1750 die
1389 1716 1496 1751 Stelle
1521 1727 1582 1751 aus
1607 1717 1666 1751 der

975 1773 1043 1796 von
1068 1762 1159 1796 Fest.
1185 1761 1218 1795 S.
1238 1763 1322 1801 201;
1350 1762 1435 1798 Gell.
1457 1765 1508 1805 16,
1530 1765 1557 1805 1,
1577 1765 1596 1797 3
1615 1774 1666 1797 er-

975 1808 1136 1841 w'ahnten
1150 1807 1243 1841 Rede
1258 1808 1360 1842 (latos
1374 1808 1539 1849 enssehnt,
1558 1819 1666 1851 quam

974 1854 1071 1886 cle‘aez‘t
1093 1853 1313 1887 Numantiae
1338 1854 1436 1897 apud
1458 1856 1604 1897 equites,
1629 1855 1666 1888 in

974 1899 1124 1933 welcher
1141 1899 1297 1932 derselbe
1316 1899 1370 1932 die
1384 1899 1493 1933 Ritter
1510 1899 1666 1934 zurecht-

973 1945 1092 1984 weist;
1125 1955 1150 1978 s.
1177 1943 1275 1979 Mms.
1302 1944 1371 1978 RG.
1399 1946 1445 1988 1⁵,
1470 1946 1555 1985 ’186;
1592 1945 1662 1989 vgl.

973 1991 1043 2024 Liv.
1069 1991 1124 2032 22,
1157 1992 1205 2031 14,
1234 1992 1285 2024 15.

1020 2039 1053 2070 5.
1084 2046 1188 2078 saepe
1217 2037 1378 2078 optastis]
1412 2035 1461 2069 sie
1493 2035 1570 2069 sind
1600 2036 1663 2070 mit

972 2081 1048 2114 dem
1078 2080 1264 2114 Versahren
1299 2080 1359 2114 des
1384 2080 1534 2114 Konsuls
1567 2081 1662 2114 nicht

971 2126 1145 2160 zufrieden
1171 2135 1344 2169 gewesen.
1359 2145 1401 2150 —
1417 2127 1663 2167 ostendenda*

1018 2175 1050 2206 6.
1078 2171 1268 2211 conferetis
1291 2171 1452 2213 manus*]
1478 2182 1504 2206 s.
1535 2182 1578 2205 zu
1604 2174 1659 2214 26,

969 2220 1025 2260 48,
1045 2220 1098 2251 11.
1123 2237 1166 2241 —
1192 2218 1401 2258 eoelzaurire]
1426 2227 1453 2251 s.
1474 2219 1528 2260 31,
1550 2219 1606 2260 38,
1630 2220 1661 2253 1.

1016 2266 1046 2297 7.
1072 2266 1107 2295 et
1136 2264 1373 2305 imperatores
1403 2266 1437 2296 et
1466 2265 1659 2304 eoeerm‘tus]

969 2309 1038 2352 vgl.
1064 2310 1119 2350 33,
1136 2309 1191 2349 43,
1211 2310 1242 2342 2.
1260 2327 1307 2333 —
1323 2308 1443 2350 adda*
1461 2329 1505 2333 —
1521 2311 1560 2341 in
1583 2308 1660 2348 foe-

969 2355 1063 2395 dere]
1090 2364 1116 2387 s.
1143 2355 1197 2395 21,
1224 2355 1255 2395 2,
1281 2357 1312 2388 7.

1016 2402 1046 2434 8.
1072 2400 1142 2432 duo
1162 2401 1362 2442 praetores]
1383 2409 1410 2433 s.
1429 2401 1483 2440 33,
1496 2401 1551 2442 43,
1566 2401 1597 2433 5.
1613 2418 1657 2424 —

971 2446 1337 2488 Carthaginiensium]
1364 2446 1431 2478 wie
1447 2444 1573 2478 vorher
1589 2446 1659 2488 ipsi

969 2491 1206 2536 asyndetisch;
1231 2500 1258 2523 s.
1285 2494 1315 2531 5,
1343 2492 1396 2532 39,
1421 2492 1453 2524 4.
1474 2509 1519 2515 —-
1539 2491 1658 2524 decem

970 2562 978 2570 .
996 2562 1004 2571 .
1023 2538 1138 2577 annis}
1165 2537 1209 2569 im
1232 2535 1376 2571 Verlaus
1396 2532 1655 2577 von,=‘seit';
