1795 2844
122 99 146 118 ³-
167 89 236 116 Chr.
255 96 285 116 n.
307 88 366 115 195.

538 75 666 109 LIBER
690 74 835 109 xxxm.
883 72 977 107 CAP.
1004 76 1060 108 44.
1084 75 1139 108 45.

1527 69 1580 108 79

126 193 315 232 Romanis
337 198 511 244 gentem.
553 192 716 232 haerere
739 197 777 230 et
798 189 901 229 aliud
930 189 970 228 in
992 188 1210 229 visceribus
1232 187 1418 228 Graeciae
1440 187 1583 239 ingens
1612 193 1632 227 8

122 249 285 297 malum,
299 249 453 297 Nabim,
476 262 585 289 nunc
601 247 1023 293 Lacedaemoniorum,
1046 258 1150 293 mox,
1174 246 1205 285 si
1224 245 1352 292 liceat,
1374 245 1581 285 universae

123 307 309 347 Graeciae
340 307 519 347 futurum
551 313 782 359 tyrannum,
813 303 972 344 avaritia
996 311 1033 343 et
1065 303 1296 343 crudelitate
1327 302 1458 342 omnis
1479 302 1579 342 fama

123 364 342 404 celebratos
362 371 552 417 tyrannos
582 369 840 416 aequantem3
873 361 937 401 cui
968 361 999 400 si
1023 363 1150 412 Argos
1179 360 1284 400 velut
1310 373 1440 400 arcem
1463 359 1578 399 Pelo·
1609 366 1628 398 9

121 434 305 475 ponneso
336 422 549 474 inpositam
578 428 713 460 tenere
735 420 872 467 liceat,
905 419 1122 470 deportatis
1152 419 1193 458 in
1216 418 1368 458 Italiam
1390 417 1580 457 Romanis

121 479 358 519 exercitibus
388 479 629 532 nequiquam
660 477 865 517 liberatam
886 489 907 516 a
930 476 1115 529 Philippo
1140 476 1343 516 Graeciam
1365 475 1471 522 sore,
1504 487 1578 527 pro

120 549 228 589 rege,
249 537 283 577 si
305 536 403 577 nihil
424 536 540 582 aliud,
563 535 786 587 longinquo
808 534 982 573 vicinum
1005 539 1217 585 tyrannum
1237 533 1443 573 dominum
1465 532 1577 571 habi-

116 602 261 634 turam.
302 594 400 634 haec
430 606 519 634 cum
551 593 598 632 ab
620 599 698 632 tam
729 591 914 644 gravibus
945 591 1192 638 auctoribus,
1226 597 1311 630 tum
1344 590 1410 643 qui
1442 590 1574 629 omnia
1597 592 1648 627 45

118 664 191 705 per
211 664 254 691 se
273 652 384 705 ipsos
405 650 604 704 explorata
626 650 839 697 adferrent,
871 648 1116 696 audirentur,
1148 647 1274 688 maior
1295 661 1372 696 res,
1405 647 1510 699 quod
1533 647 1580 686 ad
1611 652 1630 684 2

119 709 362 749 Antiochum
384 709 581 756 attineret,
612 707 844 747 maturanda
867 706 1004 757 magis,
1028 706 1215 758 quoniam
1237 718 1306 745 rex
1329 717 1579 757 quacumque

120 767 170 806 de
192 779 308 806 causa
329 766 369 805 in
395 766 547 818 Syriam
570 765 847 812 concessisset,
877 764 925 803 de
946 770 1116 815 tyranno
1146 763 1383 802 consultatio
1404 762 1483 802 visa
1508 769 1578 801 est.

119 836 211 863 cum
242 824 306 863 diu
340 823 603 876 disceptatum
633 829 756 871 esset,
792 828 926 862 utrum
958 821 1051 860 satis
1080 822 1158 860 iam
1192 833 1332 860 causae
1368 820 1579 865 videretur,
1610 825 1629 857 3

119 893 191 921 cur
211 881 493 921 decerneretur
514 880 685 927 bellum,
715 893 765 919 an
794 880 1070 932 permitterent
1092 878 1137 919 T.
1161 877 1370 924 Quinctio,
1404 877 1509 929 quod
1532 877 1578 916 ad

117 937 263 980 Nabim
281 937 638 978 Lacedaemonium
661 937 858 985 attineret,
881 937 1042 984 faceret,
1066 936 1171 989 quod
1195 948 1215 975 e
1237 948 1280 975 re
1303 934 1460 988 publica
1483 947 1578 974 cen-

118 1002 223 1036 seret
243 1008 342 1044 esse,
373 995 662 1049 permiserunt,
694 1007 780 1035 eam
802 1007 885 1034 rem
909 1007 994 1034 esse
1014 995 1112 1041 rati,
1144 1006 1244 1046 quae
1266 999 1456 1033 maturata
1480 991 1575 1031 dila-

117 1060 203 1093 tave
234 1066 315 1093 non
339 1053 392 1093 ita
421 1053 555 1105 magni
586 1053 778 1092 momenti
801 1053 848 1092 ad
877 1063 1069 1091 summam
1100 1064 1184 1090 rem
1217 1050 1416 1103 publicam
1451 1057 1573 1098 esse13

121 1111 245 1163 magis
265 1110 304 1150 id
326 1111 717 1150 animadvertendum
740 1122 847 1156 esse,
880 1109 973 1161 quid
996 1108 1194 1148 Hannibal
1218 1115 1252 1147 et
1277 1107 1578 1159 Carthaginien-

120 1181 196 1216 ses,
217 1169 250 1207 si
272 1181 362 1208 cum
386 1168 582 1207 Antiocho
605 1167 752 1207 belluni
775 1174 930 1206 motum
953 1168 1068 1213 foret,
1091 1166 1215 1205 acturi
1240 1173 1383 1205 essent.

164 1271 195 1304 8.
221 1270 380 1310 haerere]
407 1279 433 1302 5.
452 1269 576 1311 32,21,
594 1269 646 1302 18.
665 1279 811 1301 -αια-

114 1317 218 1356 rilia]
243 1324 270 1350 5.
295 1314 485 1369 Hertzberg
513 1316 541 1348 1
560 1315 616 1348 49.
641 1333 685 1339 —
709 1313 809 1353 fama

117 1340 584 1404 celebra1031‘berfichtigt‘.

163 1409 194 1441 9.
219 1408 352 1449 Argos]
386 1406 504 1440 deutet
525 1386 645 1439 0sehon
671 1406 732 1438 auf
753 1405 809 1439 die

115 1453 312 1496 Ereignisse
334 1454 388 1493 34,
407 1451 492 1494 Kap.
512 1453 645 1485 22—-41
666 1451 736 1484 und
754 1452 809 1484 die

115 1498 330 1542 Wegnahme
363 1509 431 1532 von
456 1498 567 1540 Argos
601 1498 670 1531 hin.
701 1517 745 1521 —
778 1500 810 1529 si
830 1532 842 1547 .-

113 1545 210 1578 m'lzil
233 1544 348 1585 aliud]
373 1554 399 1577 s.
420 1545 474 1585 30,
490 1545 544 1580 35,
559 1546 578 1578 8
597 1555 629 1577 u.
644 1553 693 1581 a.;
720 1544 807 1576 auch

115 1601 178 1625 aus
211 1590 359 1623 anderen
393 1589 554 1624 Grflnden
587 1590 632 1622 ist
666 1589 806 1633 Philipp

114 1636 354 1670 vorzuziehen.
364 1655 403 1660 -—
417 1636 618 1678 longinquo
632 1637 804 1676 vicinum]

113 1683 185 1716 Liv.
203 1682 338 1716 seheint
362 1692 426 1715 nur
443 1692 485 1714 an
503 1681 568 1714 den
586 1680 807 1724 Peloponnes

113 1740 157 1762 zu
181 1727 559 1770 denken‚'1'hessalien
579 1737 650 1759 war
668 1727 806 1770 Philipp

114 1774 234 1813 υὲὼεη
260 1784 340 1806 zum
366 1772 554 1806 Gedanken
578 1773 649 1815 vgl.
672 1775 724 1813 12,
754 1776 805 1807 10.

158 1819 494 1873 45.1.grazzbus
526 1820 747 1859 auctoribus]
780 1829 806 1852 S.

118 1870 146 1908 1,
163 1867 216 1906 16,
232 1868 263 1900 5.
276 1884 323 1889 —
341 1867 428 1906 tum]
440 1860 594 1903 ‘'3serner
609 1868 682 1896 tum
696 1866 783 1907 qui,

114 1911 250 1946 seheint
286 1910 354 1944 wie
391 1916 489 1944 sonst
527 1913 561 1942 et
598 1912 660 1952 qui
684 1935 693 1943 .
716 1935 724 1943 .
749 1920 807 1953 ge-

113 1957 259 1991 braucht
283 1967 325 1990 zu
350 1957 440 1995 seim
467 1967 492 1990 S.
523 1959 575 1998 10,
602 1958 656 1996 23,
682 1958 712 1990 9.

159 2005 191 2038 2.
215 2004 335 2036 maior
349 2004 419 2043 res]
438 2002 545 2036 bildet
562 2003 623 2035 mit
642 2002 719 2035 dem
733 2001 807 2034 hin-

112 2048 409 2083 zuzudenkenden
433 2059 511 2081 tzsa
534 2051 585 2080 esc
612 2048 672 2081 das
691 2047 807 2080 pradi-

112 2095 174 2129 kat
198 2106 241 2128 zu
259 2095 356 2137 quod
372 2095 421 2127 ad
434 2095 657 2127 Antiochum
677 2096 806 2127 attene-

112 2144 185 2181 ret;
210 2140 347 2174 ahnlich
366 2140 388 2184 ξ
406 2142 442 2179 3;
469 2142 523 2182 31,
551 2142 605 2182 25,
630 2142 666 2179 4;
693 2150 735 2173 zu
750 2141 804 2180 23,

113 2190 168 2229 25,
182 2189 214 2221 4.
254 2186 322 2220 Der
338 2186 636 2229 Zusammenhang
660 2187 723 2219 ist:
750 2185 805 2218 die

112 2231 358 2275 Beziehungen
400 2243 442 2266 zu
479 2232 672 2265 Antiochus
710 2232 804 2264 seien

113 2282 169 2318 (an
186 2278 273 2316 sich)
297 2278 480 2320 wichtiger
496 2278 566 2318 (ein
583 2278 805 2320 wichtigerer

113 2323 358 2367 Gegenstand),
378 2324 476 2357 aber
494 2323 640 2368 (Asynd.
657 2323 803 2363 advers.)

112 2369 155 2403 da
180 2369 240 2402 der
255 2369 381 2413 Konig‚
405 2380 508 2403 wenn
525 2370 612 2403 auch
631 2369 726 2403 nicht
745 2379 803 2411 ge-

112 2414 193 2448 rade
217 2425 276 2448 um
304 2415 371 2449 den
399 2415 503 2459 Krieg
530 2416 592 2448 mit
609 2414 695 2448 Rom
729 2415 802 2448 aus-

112 2461 288 2504 zugeben‚
329 2461 418 2495 doch
450 2472 511 2495 aus
544 2460 664 2504 irgend
690 2461 800 2494 einem

112 2506 266 2540 Grunde.
278 2532 298 2545 .,
308 2516 347 2540 so
357 2507 409 2540 sei
420 2507 474 2540 die
484 2506 658 2550 Beratung
668 2532 675 2540 .
688 2532 696 2541 .
706 2507 803 2540 mehr

110 2563 153 2586 zu
178 2551 459 2596 beschleunigen.
476 2572 521 2577 —
542 2555 672 2594 maior]
698 2552 801 2586 nfiml.

882 1268 932 1301 als
947 1267 1002 1300 die
1018 1266 1233 1300 consultatio
1254 1267 1296 1299 de
1315 1269 1485 1310 tyranno,
1504 1276 1577 1299 um-

881 1313 1026 1357 gekehrt
1057 1314 1176 1354 magis
1199 1312 1439 1345 maturanda:
1473 1312 1576 1345 naml.

881 1360 931 1393 als
958 1359 1054 1402 quod
1079 1359 1127 1391 ud
1150 1360 1369 1391 Antiochum
1395 1360 1575 1390 attineret.

927 1408 957 1440 3.
978 1407 1232 1448 permitterent
1250 1430 1258 1437 .
1274 1432 1280 1437 .
1299 1404 1450 1444 fuceret]
1476 1414 1502 1437 s.
1521 1405 1576 1444 27,

880 1453 934 1493 22,
951 1454 1002 1485 11.
1020 1471 1066 1475 —
1083 1450 1214 1483 Nabim
1234 1450 1574 1490 Lacedaemonium]

879 1498 946 1530 wie
974 1499 1027 1537 32,
1058 1498 1108 1536 19,
1137 1498 1167 1530 6.

924 1546 956 1576 4.
978 1542 1236 1586 permiserunt]
1272 1542 1359 1575 nach
1392 1544 1575 1584 permitte-

877 1592 971 1631 rent,
998 1589 1065 1622 wie
1091 1590 1145 1623 27
1165 1590 1201 1622 6:
1228 1591 1472 1631 2 1npetralum
1508 1587 1575 1621 Zur

879 1616 989 1668 Sach⁷e
1014 1635 1085 1674 xgl.
1112 1624 1168 1675 34,
1187 1636 1241 1675 22,
1256 1637 1288 1668 5.
1314 1654 1358 1658 —
1384 1645 1475 1676 quae
1499 1644 1575 1666 ma-

879 1683 1015 1721 turata]
1041 1678 1158 1714 ‘deren
1186 1680 1233 1713 Be
1218 1675 1504 1723 schleunigung
1513 1694 1519 1716 ;
1545 1689 1574 1713 5.

877 1738 919 1760 zu
941 1730 970 1768 1,
986 1729 1040 1767 34,
1054 1729 1085 1760 4
1135 1726 1202 1759 Das
1226 1725 1337 1759 Motix
1361 1726 1451 1768 passt
1480 1726 1573 1759 nicht

879 1782 966 1815 ganz
991 1783 1033 1806 zu
1059 1772 1080 1815 ξ
1108 1774 1146 1806 2;
1183 1773 1403 1804 maturanda
1437 1782 1572 1814 mages,

879 1819 961 1851 aber
978 1818 1032 1851 die
1047 1817 1294 1860 Yerhandlung
1312 1818 1407 1851 hatte
1426 1818 1573 1860 gezeigt,

879 1864 954 1897 dass
990 1864 1043 1897 die
1069 1863 1143 1897 Eile
1176 1864 1270 1896 nicht
1305 1874 1343 1897 so
1370 1863 1575 1906 notwendig

879 1910 941 1943 sei.
968 1929 1011 1934 —
1036 1920 1108 1942 non
1136 1912 1211 1943 ita.
1229 1911 1270 1950 .*]
1297 1910 1366 1952 vgl.
1386 1912 1439 1946 31,
1463 1911 1519 1948 42,
1540 1911 1571 1943 9.

879 1975 923 1980 —
955 1966 1129 1988 summam
1166 1966 1239 1987 rem
1272 1956 1471 1998 publicam]
1505 1952 1573 1988 ‘sfir

879 2001 1129 2056 die²h6chsten
1155 2001 1347 2035 Interessen
1384 2001 1444 2035 des
1471 2000 1571 2034 Staa-

878 2054 931 2081 tes
957 2072 964 2080 .

925 2097 954 2128 5.
980 2095 1097 2135 magis
1129 2093 1169 2125 id
1194 2095 1237 2133 ..]
1272 2092 1461 2135 istuetwas
1496 2092 1571 2125 hart

876 2138 1110 2182 angeknsipft,
1142 2149 1200 2172 um
1226 2140 1291 2171 den
1317 2137 1503 2181 Ubergang
1528 2148 1571 2170 zu

876 2185 953 2218 dem
979 2184 1165 2228 folgenden
1193 2163 1500 2217 wahrscheinlichU
1505 2183 1571 2216 Po-

876 2231 992 2275 lybios
1010 2230 1212 2264 entlehnten
1227 2230 1298 2263 Abs
1304 2230 1433 2262 chnitte
1452 2240 1492 2262 zu
1512 2239 1570 2271 ge—

875 2277 1025 2310 winnen.
1050 2296 1097 2301 —
1122 2287 1202 2308 cum
1226 2277 1406 2308 Anlzocho
1441 2275 1571 2307 bellum

875 2325 1024 2364 motum]
1051 2333 1076 2355 s.
1097 2324 1152 2363 24,
1169 2324 1224 2359 40,
1244 2325 1277 2354 1;
1305 2331 1384 2353 eum
1402 2321 1569 2363 I’lnlippo

875 2379 960 2411 rege
985 2394 1017 2403 ..
1043 2372 1180 2400 motum
1205 2367 1333 2400 bellum
1358 2369 1420 2399 est.

917 2415 983 2458 45,
1009 2416 1070 2448 6—
1078 2413 1142 2448 49.
1180 2412 1441 2446 Verhaltuisse'
1434 2423 1466 2444 in
1486 2411 1569 2444 Kar-

873 2460 991 2502 thago.
1016 2459 1103 2501 Nep.
1119 2459 1226 2491 Hann.
1246 2462 1284 2496 7;
1310 2457 1418 2491 lustin
1445 2459 1567 2496 31.1;

873 2506 956 2539 Zon.
983 2508 1014 2541 9,
1043 2507 1096 2538 14.
1131 2506 1190 2544 ls;
1216 2505 1305 2547 App.
1325 2502 1401 2547 Syr.
1425 2506 1464 2537 4·
1492 2503 1567 2537 Kal

873 2551 962 2585 Max.
988 2554 1020 2587 4,
1050 2554 1078 2592 1,
1105 2552 1135 2584 6.

1607 998 1626 1030 4

1609 1112 1629 1144 5
