1747 2828
169 57 251 95 124
615 58 742 92 LIBER
764 59 924 95 XXXllll.
974 58 1069 93 GAP.
1095 61 1148 94 22.

1422 80 1448 99 a.
1467 80 1495 99 u.
1515 79 1540 99 c.
1557 72 1620 102 559.

168 167 327 215 ventum
352 175 584 214 Corinthum
616 176 792 215 omnium
822 176 1015 215 sociarum
1047 176 1260 215 civitatium
1292 176 1554 227 legationibus
1575 177 1617 216 in

170 234 271 272 diem
302 238 449 272 certam
479 232 608 272 edicit.
650 233 697 272 ad
720 245 836 285 quam
868 233 935 272 ubi
960 233 1186 285 frequentes
1217 233 1395 286 undique
1416 234 1620 286 principes

170 296 456 337 convenerunt,
486 290 537 329 ita
558 290 616 328 uti
639 303 689 329 ne
711 290 837 329 Aetoli
861 290 1018 342 quidem
1040 289 1240 339 abessent,
1270 290 1337 329 tali
1360 291 1538 330 oratione
1559 298 1619 330 est.

119 355 138 386 τ
167 360 285 387 usus:
316 342 493 386 ‘bellum
523 347 709 386 adversus
729 347 958 399 Philippum
980 359 1062 386 non
1095 347 1221 398 magis
1253 348 1456 387 communi
1486 348 1618 387 animo

119 468 137 500 8

170 404 417 456 consilioque
439 403 608 443 Romani
631 410 668 443 et
689 403 827 443 Graeci
850 410 1072 454 gesserunt,
1095 417 1211 456 quam
1234 405 1393 457 utrique
1414 417 1506 444 suas
1526 418 1620 445 cau-

169 474 230 501 sas
250 460 342 500 belli
364 461 603 500 hahuerunt.
641 474 731 500 nam
755 469 791 501 et
808 461 1077 501 Romanorum
1101 461 1312 500 amicitiam
1336 474 1442 501 nunc
1459 461 1621 502 Cartha-

170 518 362 570 giniensis
378 519 504 558 hostis
519 531 656 558 eorum
675 519 858 566 iuvando,
877 531 984 558 nunc
1001 519 1065 558 hic
1082 519 1201 558 sociis
1218 519 1366 558 nostris
1382 531 1622 571 oppugnan-

118 583 138 614 9
169 576 229 615 dis
251 575 458 615 violaverat
489 582 524 615 et
557 576 596 615 in
619 588 688 615 vos
707 576 794 615 talis
816 576 910 623 fuit,
942 582 986 615 ut
1024 575 1161 623 nobis,
1192 576 1307 615 etiam
1330 576 1362 615 si
1394 582 1623 616 nostrarum

171 633 493 672 oblivisceremur
509 633 757 679 iniuriarum,
778 640 929 672 vestrae
951 633 1117 672 iniuriae
1140 633 1234 672 satis
1250 633 1368 684 digna
1390 645 1506 673 causa
1526 633 1619 673 belli

101 696 138 728 10
171 690 300 730 fuerit.
322 690 511 729 hodierna
535 690 771 730 consultatio
793 696 873 729 tota
897 703 943 729 ex
962 690 1073 729 vobis
1095 691 1254 742 pendet.
1297 690 1425 729 refero
1449 690 1553 730 enim
1574 691 1622 730 ad

170 760 263 794 vos,
285 754 418 787 utrum
442 750 589 798 Argos,
613 748 716 787 sicut
737 748 844 786 scitis
866 748 955 800 ipsi,
977 747 1025 786 ab
1050 747 1197 786 Nabide
1220 753 1436 799 occupatos
1455 748 1537 800 pati
1556 760 1623 786 ve-

102 810 139 843 11
170 805 249 844 litis
271 804 344 844 sub
366 805 523 843 dicione
546 805 630 844 eius
647 817 747 853 esse,
768 817 816 843 an
841 817 1009 857 aequum
1035 805 1228 844 censeatis
1245 804 1535 844 nobilissimam
1556 817 1623 844 ve-

101 982 137 1014 12

100 1154 136 1186 13

169 862 505 913 tustissimamque
522 862 730 909 civitatem,
753 862 792 900 in
817 863 943 901 media
961 862 1120 902 Graecia
1143 861 1272 908 sitam,
1292 862 1418 914 repeti
1441 861 1482 900 in
1502 862 1622 901 liber-

170 925 288 959 tatem
312 926 347 958 et
370 919 509 958 eodem
538 925 639 958 statu
664 932 742 971 quo
765 926 915 958 ceteras
944 918 1063 958 urbes
1084 918 1353 971 Peloponnesi
1375 924 1414 957 et
1435 919 1622 958 Graeciae

170 989 268 1016 esse.
299 976 395 1015 haec
414 976 665 1023 consultatio,
686 983 730 1015 ut
744 976 896 1023 videtis,
918 982 997 1015 tota
1019 975 1066 1014 de
1087 988 1130 1014 re
1147 975 1373 1027 pertinente
1390 976 1438 1015 ad
1454 988 1524 1015 vos
1540 982 1619 1024 est;

169 1033 370 1073 Romanos
393 1033 490 1072 nihil
513 1033 732 1084 contingit,
761 1033 836 1072 nisi
859 1040 1055 1085 quatenus
1085 1031 1272 1072 liberatae
1293 1032 1480 1072 Graeciae
1502 1032 1622 1072 unius

171 1092 335 1130 civitatis
368 1091 534 1129 servitus
565 1103 644 1129 non
675 1090 832 1142 plenam
864 1103 938 1129 nec
973 1090 1166 1141 integram
1198 1089 1364 1141 gloriam
1398 1102 1484 1130 esse
1512 1090 1622 1129 sinit.

170 1155 341 1187 ceterum
359 1178 368 1195 ,
399 1148 430 1186 si
453 1159 522 1186 vos
554 1160 627 1186 nec
650 1159 742 1186 cura
764 1148 848 1186 eius
871 1147 1038 1186 civitatis
1060 1159 1134 1185 nec
1164 1146 1389 1199 exemplum
1412 1160 1486 1186 nec
1517 1147 1624 1199 peri-

167 1205 300 1245 culum
322 1211 463 1251 movet,
488 1217 537 1243 ne
559 1211 692 1257 serpat
713 1204 828 1244 latius
849 1203 1033 1254 contagio
1056 1204 1140 1243 eius
1160 1203 1276 1253 mali,
1297 1216 1370 1243 nos
1406 1204 1522 1257 aequi
1551 1204 1623 1243 bo-

169 1263 289 1314 nique
312 1262 490 1328 sacimjus.
542 1263 589 1300 ‹le
612 1263 684 1301 hac
705 1275 747 1301 re
769 1274 837 1300 vos
859 1262 1039 1309 consulo,
1069 1267 1243 1301 staturus
1265 1274 1325 1309 eo,
1360 1262 1465 1313 quod
1488 1261 1626 1314 plures

170 1320 418 1359 censueritis.

170 1398 237 1431 tius
254 1396 455 1430 fiberlassen
474 1397 543 1430 und
557 1397 590 1429 in
610 1396 738 1429 diesem
754 1396 859 1430 Sinne

171 1443 256 1476 auch
291 1443 345 1475 die
383 1443 544 1485 folgende
575 1442 861 1486 Unterhandlung

169 1489 325 1531 gesuhrt;
353 1499 394 1521 an
412 1500 445 1521 u.
464 1488 514 1521 St.
541 1489 587 1521 ist
612 1498 674 1520 nur
699 1488 758 1521 der
774 1489 862 1521 Aus-

168 1534 276 1567 druck
309 1534 461 1576 weniger
492 1544 620 1576 genau.
653 1534 734 1566 aber
767 1534 860 1567 wohl

169 1579 228 1613 der
247 1579 329 1613 Sinn
356 1579 416 1612 des
435 1579 782 1612 Senatsbeschlusses
802 1589 860 1612 an-

169 1626 335 1668 gegeben.

216 1674 247 1705 6.
267 1671 511 1704 Corinthum..
528 1671 648 1712 edicit]
663 1681 689 1703 s.
700 1672 818 1712 31‚29‚
830 1672 861 1705 8.

168 1736 212 1741 —
231 1717 411 1760 adquam]
430 1717 532 1751 n‘aml.
552 1717 663 1755 diem;
688 1726 714 1750 s.
732 1719 786 1756 56,
803 1719 861 1756 12;

170 1762 290 1795 anders
317 1764 380 1804 26,
409 1764 468 1804 17,
495 1765 527 1796 6.
552 1781 597 1786 --
628 1764 679 1795 ita
704 1762 802 1804 uti*]
834 1772 861 1795 s.

170 1810 223 1842 28.
238 1810 293 1849 39,
310 1810 362 1841 14.

216 1856 245 1887 7.
280 1865 352 1887 non
376 1856 494 1895 magis
516 1879 523 1886 .
544 1878 552 1886 .
573 1854 693 1897 quam]
731 1853 861 1887 ebenso

171 1900 248 1932 sehr
268 1925 275 1932 .
297 1924 305 1932 .
332 1899 402 1940 als,
441 1899 472 1932 d.
496 1899 528 1932 b.
563 1910 656 1932 zwar
683 1899 861 1942 einrniitig,

170 1955 271 1978 wenn
293 1946 379 1978 auch
398 1974 405 1980 .
422 1971 430 1978 .
455 1945 586 1979 hatten.

217 1993 246 2024 8.
274 1990 517 2023 Romanorum
535 2015 542 2022 .
559 1992 580 2031 .]
613 1990 673 2024 der
700 1990 861 2025 Wechsel

170 2036 345 2069 zwischen
364 2036 618 2076 Romanorum,
644 2047 768 2069 eorum
793 2036 861 2070 und

169 2085 303 2114 nostris
313 2081 379 2114 wie
390 2082 563 2114 zwischen
575 2083 782 2115 adiuvando
793 2082 863 2115 und

171 2128 424 2170 oppugnandis
441 2129 549 2159 sociis
571 2130 610 2169 (s.
626 2138 667 2161 zu
686 2130 740 2170 31,
757 2130 812 2169 26,
828 2129 862 2170 6)

170 2173 215 2206 ist
239 2184 281 2206 zu
306 2173 484 2206 heachten.

216 2220 247 2253 9.
295 2218 421 2259 fuerit]
470 2218 559 2251 ohne
606 2217 865 2261 Abhangigkeit

169 2264 278 2298 hiesse
297 2275 351 2298 es:
373 2266 514 2297 etiamsi
533 2264 822 2297 oblivisceremur
837 2289 844 2297 .
856 2289 863 2297 .

170 2309 258 2348 Γηίἰς
277 2310 347 2352 vgl.
363 2312 417 2352 24,
435 2312 489 2350 42,
510 2311 546 2348 3;
566 2311 620 2350 25,
639 2312 691 2348 13,
713 2311 752 2343 12
768 2321 800 2343 u.
817 2320 863 2349 a.;

171 2355 230 2388 der
248 2355 417 2389 Numerus
441 2356 499 2388 hat
518 2356 590 2388 sich
609 2365 649 2388 an
678 2366 787 2388 causa
807 2366 865 2388 an-

173 2401 411 2443 geschlossem
431 2412 458 2434 s.
472 2404 526 2435 45.
542 2404 595 2441 39,
613 2403 672 2438 12:
692 2411 733 2433 zu
750 2403 779 2440 1,
792 2403 821 2441 1,
833 2402 864 2434 3.

222 2449 272 2480 10.
300 2447 529 2488 consultatio]
557 2447 587 2480 d.
606 2447 639 2480 h.
658 2447 717 2479 der
733 2446 864 2489 infolge

173 2490 352 2525 derselben
371 2503 413 2525 zu
431 2492 591 2526 fassende
610 2491 801 2525 Beschluss.
819 2511 865 2516 —-

174 2536 304 2577 refero]
325 2537 391 2570 wie
411 2537 431 2580 ξ
451 2540 506 2572 13;
535 2538 678 2571 consulo
697 2538 765 2571 und
786 2549 864 2570 cen-

929 1398 1086 1436 sueritis,
1103 1397 1150 1430 ist
1165 1406 1233 1429 von
1254 1395 1319 1429 den
1335 1394 1625 1439 Verbandlungen

931 1442 976 1474 im
1010 1442 1202 1475 romischen
1229 1441 1355 1475 Senate
1388 1442 1553 1475 entlehnt.
1579 1461 1625 1466 -—

931 1490 1133 1530 occupatos]
1153 1498 1179 1520 s.
1195 1489 1250 1529 32,
1264 1489 1318 1527 38,
1334 1490 1364 1521 2.
1391 1490 1446 1529 40,
1464 1489 1493 1520 1.

982 1535 1033 1566 11.
1060 1535 1098 1565 in
1122 1534 1239 1565 media
1267 1533 1431 1573 Graecia]
1460 1533 1506 1566 ist
1530 1533 1626 1566 nicht

932 1588 1061 1621 genam
1087 1579 1168 1611 aber
1185 1579 1219 1611 in
1239 1578 1299 1611 der
1314 1577 1413 1611 Mitte
1433 1578 1526 1611 eines
1540 1579 1626 1612 Lan-

933 1626 993 1657 des
1026 1624 1192 1666 gelegene
1223 1623 1302 1657 Orte
1336 1624 1451 1667 galteri
1485 1623 1535 1657 als
1568 1624 1625 1658 die

933 1670 1218 1713 urspriingliehen
1233 1669 1326 1703 Sitze
1340 1669 1401 1702 des
1410 1668 1541 1703 Volkes
1554 1669 1626 1702 und

933 1715 1076 1748 deslialb
1109 1715 1164 1748 fur
1194 1715 1383 1749 besonders
1411 1714 1625 1758 ehrwfirdig;

934 1771 960 1794 s.
979 1761 1074 1794 Caes.
1100 1760 1170 1796 BG.
1188 1764 1220 1802 5,
1241 1763 1293 1803 12,
1314 1763 1350 1799 1;
1377 1759 1458 1794 Tac.
1474 1761 1555 1804 Agr.
1570 1762 1625 1795 30.

932 1825 979 1831 -
1002 1809 1117 1850 repeti
1138 1808 1177 1840 in
1195 1808 1406 1847 libertatem]
1431 1806 1501 1849 vgl.
1522 1808 1575 1847 18,
1593 1808 1626 1842 2.

982 1855 1035 1886 12.
1059 1854 1157 1894 liaeo]
1176 1863 1204 1887 S.
1225 1855 1255 1892 1,
1269 1854 1323 1893 30,
1338 1854 1370 1886 4.
1394 1871 1440 1876 -
1464 1854 1554 1893 tola]
1578 1847 1627 1885 ‘in

933 1898 1041 1932 ihrem
1073 1908 1205 1941 ganzen
1233 1896 1421 1941 Umrange’;
1455 1907 1483 1931 s.
1516 1899 1536 1939 ξ
1564 1900 1624 1937 10;

933 1945 1002 1977 wie
1037 1945 1116 1977 sehr
1148 1944 1203 1977 die
1227 1943 1354 1977 Romer
1385 1943 1485 1976 dabei
1516 1943 1628 1977 hetei-

933 1990 995 2033 ligt
1016 2000 1142 2030 waren,
1168 1989 1262 2032 zeigt
1283 1991 1337 2030 33,
1352 1991 1407 2030 44,
1422 1991 1454 2023 8.
1479 2008 1524 2013 -
1542 1999 1629 2031 per·-

934 2038 1068 2068 tz'nente
1093 2036 1162 2068 ad.
1178 2035 1199 2077 .]
1226 2045 1254 2068 s.
1272 2037 1304 2076 2,
1324 2037 1354 2068 5.
1380 2053 1424 2058 —
1448 2035 1523 2066 nisi
1539 2045 1627 2077 qua-

934 2084 1036 2114 tenus
1051 2107 1058 2114 .
1072 2083 1094 2122 .]
1110 2091 1137 2114 s.
1151 2083 1212 2123 28,
1238 2081 1299 2123 39,
1327 2082 1380 2114 14.
1393 2079 1627 2112 —liberatae

937 2127 1123 2170 Graeciae]
1165 2126 1252 2158 dazu
1293 2125 1415 2169 gehort
1447 2126 1626 2167 gloriam3

935 2173 1041 2206 durch
1066 2171 1335 2214 Voranstellung
1364 2170 1534 2214 gehoben.

983 2220 1036 2252 13.
1055 2219 1238 2259 contagio]
1253 2227 1280 2250 s.
1297 2219 1326 2259 1,
1342 2219 1394 2257 15,
1412 2219 1442 2250 1.
1458 2235 1504 2240 —
1521 2218 1629 2259 aequi

936 2265 1090 2307 bonique
1104 2262 1273 2304 facimus]
1291 2262 1358 2296 wie
1377 2263 1481 2304 lucri,
1500 2264 1628 2304 magni

934 2308 1076 2349 facere;
1101 2325 1147 2338 =
1172 2319 1208 2342 es
1233 2308 1378 2342 macheu
1395 2318 1437 2341 zu
1453 2332 1462 2340 .
1475 2333 1501 2349 .,
1527 2307 1578 2341 als
1593 2334 1600 2341 .
1617 2333 1626 2341 .

936 2355 1051 2398 gellen
1066 2355 1191 2395 lassen,
1201 2349 1293 2387 ‘sich
1303 2353 1409 2387 damit
1419 2350 1628 2396 begnfigen'.

935 2419 980 2425 —
1003 2400 1177 2441 statm‘us]
1204 2409 1230 2432 s.
1250 2401 1282 2442 3,
1303 2402 1359 2442 36,
1382 2402 1413 2434 8.
1437 2418 1483 2423 -
1504 2399 1630 2441 plures

936 2447 1158 2486 censueritis]
1190 2455 1264 2478 was
1296 2445 1349 2479 ihr
1372 2445 1406 2478 in
1432 2443 1492 2477 der
1515 2443 1627 2477 Mehr-

935 2492 1031 2531 zahl,
1066 2501 1140 2524 was
1167 2490 1221 2524 die
1246 2489 1421 2524 Mehrzahl
1445 2499 1514 2523 von
1540 2489 1628 2523 euch

936 2536 1151 2576 beschliesst3
1167 2546 1192 2570 s.
1211 2539 1261 2577 10,
1277 2538 1331 2579 25,
1342 2538 1378 2575 2;
1392 2535 1461 2578 vgl.
1471 2536 1585 2577 34‚32‚
1596 2537 1628 2571 3.
