1747 2828
98 204 134 237 12

98 318 134 351 13

102 431 137 464 14

123 600 147 635 00

162 80 216 119 92
590 78 715 113 LIBER
739 78 898 113 xxxnn.
947 78 1041 112 CAP.
1068 80 1100 113 2.
1126 81 1157 113 3.

1409 97 1435 116 a.
1454 97 1483 116 u.
1502 96 1527 117 c.
1543 90 1606 118 559.

167 196 285 236 nibus
307 201 343 234 et
374 194 543 234 comitiis
574 194 798 234 immisceri.
850 195 942 247 qnid
975 193 1080 233 enim
1104 206 1213 233 nunc
1243 193 1346 233 aliud
1369 206 1440 246 per
1469 193 1549 233 vias
1570 200 1609 233 et

169 253 337 305 compita
375 253 543 299 faciunt,
583 264 697 303 quam
734 252 978 303 rogationem
1010 251 1261 290 tribunorum
1290 250 1396 303 plebi
1431 251 1610 299 suadent,

169 322 286 362 quam
307 309 434 360 legem
455 308 719 359 abrogandam
737 307 930 348 censent?
952 309 1038 347 date
1059 308 1194 347 frenos
1215 307 1424 359 impotenti
1445 313 1609 347 naturae

170 374 208 406 et
238 366 429 406 indomito
461 365 618 405 animali
641 371 677 404 et
709 363 861 418 sperate
883 366 988 418 ipsas
1017 365 1176 404 modum
1209 364 1389 404 licentiae
1418 364 1610 412 facturas;

171 424 246 463 nisi
277 435 345 462 vos
375 423 547 471 facietis,
578 423 786 462 minimum
818 423 894 462 hoc
916 434 1051 461 eorum
1083 428 1161 470 est,
1193 434 1292 474 quae
1320 421 1458 474 iniquo
1480 421 1612 461 animo

170 480 338 519 feminae
359 479 432 518 sibi
456 485 521 518 aut
537 479 715 519 moribus
736 485 802 519 aut
822 479 977 531 legibus
998 480 1172 518 iniuncta
1190 478 1405 531 patiuntur.
1435 478 1613 517 omnium

171 549 304 576 rerum
326 536 560 583 libertatem,
592 537 712 575 immo
734 536 947 584 licentiam,
976 536 1007 575 si
1028 549 1117 575 vere
1140 536 1270 575 dicere
1291 535 1485 582 volumus,
1513 534 1615 574 desi-

174 595 323 633 derant.
375 593 467 645 quid
492 594 610 641 enim,
632 593 663 632 si
686 594 762 633 hoc
785 594 1107 646 expugnaverint,
1139 606 1219 632 non
1244 590 1522 645 temptabunt?
1552 604 1616 630 re-

175 658 331 690 censete
354 651 485 689 onmia
520 650 727 690 muliebria
749 652 855 699 iura,
893 650 1036 702 quibus
1071 651 1270 699 licentiam
1301 662 1436 689 earum
1471 649 1618 700 adliga-

172 709 300 747 verint
320 708 487 746 maiores
508 708 624 746 vestri
642 720 712 759 per
735 720 913 760 quaeque
930 707 1171 746 subiecerint
1192 708 1304 754 viris;
1329 706 1473 758 quibus
1488 705 1617 745 omni-

172 764 246 804 bus
277 765 508 804 constrictas
529 765 591 803 vix
612 771 740 804 tamen
774 764 980 804 continere
1011 765 1188 816 potestis.
1239 762 1364 816 quid?
1396 764 1427 802 si
1458 774 1620 815 carpere

175 821 327 872 singula
361 827 397 860 et
431 829 665 874 extorquere
694 828 731 861 et
761 822 919 873 aequari
950 822 994 860 ad
1030 827 1247 860 extremum
1276 821 1371 859 viris
1400 819 1620 873 patiemini,

175 877 399 918 tolerabiles
429 879 539 917 vobis
571 891 634 917 eas
664 879 748 918 sore
780 876 967 918 creditis?
1000 878 1219 930 externplo,
1252 877 1368 917 simul
1400 889 1516 930 pares
1537 888 1622 915 esse

176 935 400 988 coeperint,
433 936 660 988 superiores
682 941 814 975 erunt.
865 942 902 975 at
924 935 1084 974 hercule
1115 948 1165 974 ne
1188 935 1280 986 quid
1313 947 1458 974 novum
1494 934 1535 972 in
1559 945 1623 972 eas

174 999 339 1043 rogetur
360 999 557 1040 recusant,
588 993 753 1032 nonius
775 993 840 1032 sed
873 992 1053 1031 iniuriam
1086 992 1370 1044 deprecantur,
1401 992 1535 1036 immo,
1568 998 1623 1036 ut,

226 1094 277 1126 12.
303 1092 459 1132 faciunt]
486 1092 569 1125 wird
588 1093 643 1125 bei
663 1094 751 1135 qnid
767 1093 870 1125 aliud

178 1138 227 1171 ost
253 1138 495 1180 ausgelassen;
522 1148 548 1171 s.
575 1148 616 1170 zu
639 1141 689 1172 17,
712 1141 769 1175 10:
798 1139 867 1181 vgl.

173 1183 301 1226 jedocli
328 1186 359 1225 4,
383 1185 437 1226 26,
460 1185 518 1221 12;
546 1185 600 1223 26,
618 1185 647 1223 2,
674 1186 726 1217 16.
757 1186 807 1225 14,
831 1186 866 1222 3;

179 1232 232 1266 41.
255 1231 309 1269 23,
331 1230 382 1262 12.
407 1248 451 1252 —
478 1232 703 1271 rogationem
730 1255 761 1262 ..
787 1240 868 1262 szla-

179 1275 273 1316 dent]
289 1274 355 1307 wie
370 1275 403 1306 in
419 1274 512 1307 einer
526 1275 658 1308 Contio.
672 1295 717 1298 —
731 1286 837 1317 qaam
848 1276 867 1296 *

178 1346 186 1353 .
211 1347 217 1353 .
245 1322 399 1360 censent]
434 1330 475 1352 zu
507 1320 565 1353 der
589 1321 771 1364 Anaphora
797 1321 868 1363 vgl.

178 1369 211 1400 4.
230 1368 262 1407 4,
281 1368 318 1399 6:
347 1366 434 1407 quid
459 1369 511 1397 est
535 1366 639 1398 aliud
663 1377 768 1408 qaam
795 1369 872 1398 ezri-

181 1412 267 1443 lium
292 1414 391 1443 intra
417 1412 538 1443 eadem
571 1415 729 1454 moenia,
764 1423 870 1454 qaam

179 1458 437 1498 relegationem
461 1458 567 1498 pati?

228 1504 281 1535 13.
307 1502 394 1535 Gebt
413 1502 463 1534 ihr
483 1502 584 1535 ilinen
604 1502 701 1542 nach,
728 1513 766 1535 so
786 1512 871 1535 wer-

182 1547 237 1580 det
264 1547 316 1580 ihr
343 1547 397 1580 die
422 1546 551 1589 Folgen
579 1550 715 1600 spiiren

230 1595 282 1626 13.
309 1593 391 1625 date
409 1592 448 1630 f7
450 1594 544 1633 enoc]
572 1593 638 1626 wie
656 1594 701 1625 im
721 1593 871 1626 Griechi-

182 1639 285 1671 schel]
319 1651 358 1670 εν
349 1635 504 1670 διδότω
535 1636 603 1671 ‘toa
634 1645 738 1679 κοίην
740 1637 794 1671 όν.
827 1659 870 1663 -

181 1687 291 1716 natm
294 1686 346 1724 ae]
374 1678 474 1716 ‘Wes
459 1694 517 1716 en
543 1698 549 1721 ;
590 1685 756 1717 animali:
794 1683 870 1717 Ge-

182 1725 332 1772 scliopsff
360 1729 544 1771 vgl.4,19.
564 1733 778 1772 —speratess
804 1730 870 1763 iro-

182 1774 289 1807 nisch.
306 1793 345 1798 -
366 1773 474 1818 ipsas]
494 1775 629 1808 bezieht
648 1776 720 1808 sich
740 1775 800 1808 aus
815 1775 870 1809 die

181 1820 323 1862 Frauen,
349 1820 441 1852 nicht
468 1821 529 1853 ans
551 1820 605 1854 die
624 1821 789 1854 nachsten
807 1821 871 1855 Be-

182 1865 279 1908 griffe
290 1869 452 1907 naturae,
464 1867 623 1900 animali.
633 1886 675 1890 —
687 1868 831 1900 modum
842 1892 850 1900 .
862 1894 869 1901 .

182 1911 360 1951 factm-as]
386 1911 455 1953 vgl.
483 1914 514 1953 6,
543 1914 600 1951 1ος
628 1914 658 1951 4,
686 1914 739 1953 24,
765 1915 797 1946 4.

230 1960 282 1989 14.
302 1956 484 1997 faeieiz's]*
496 1977 541 1980 —
558 1959 745 1991 minimum
764 1985 771 1992 .
784 1961 804 1999 .]
821 1959 871 1991 sie

181 2002 321 2035 werden
349 2012 403 2035 um
434 2012 472 2035 so
504 2004 670 2044 gewisser
693 2003 772 2037 kein
800 2004 871 2036 Ziel

183 2052 311 2080 setzen.
338 2047 380 2079 da
406 2057 442 2080 es
459 2048 568 2080 xieles
590 2048 800 2092 Vlichtigere
818 2049 872 2082 fiir

183 2094 232 2126 sie
264 2085 368 2136 giebt.
394 2112 438 2116 —
462 2095 665 2134 inizmeta]*
689 2114 732 2118 -—
759 2097 872 2127 omni—

183 2149 242 2170 um
267 2140 401 2178 reram]
433 2133 479 2171 ‘in
511 2139 601 2171 allen
626 2136 774 2183 Dingen'
779 2165 787 2181 ,
814 2150 872 2183 ge

184 2184 262 2217 hort
295 2183 382 2216 auch
415 2194 455 2216 zu
492 2184 684 2218 le'ffcentzam
710 2205 755 2209 —
779 2189 873 2227 vere]

185 2240 211 2262 s.
238 2231 268 2269 2,
288 2230 342 2271 59,
361 2231 400 2267 9;
427 2231 550 2271 41,23,
570 2232 629 2263 13;
654 2233 686 2262 si
709 2242 789 2263 vere
813 2243 873 2263 vo-

186 2276 302 2307 lumus
336 2275 464 2307 dicere.
498 2295 541 2299 —
569 2279 872 2318 eoepugnaverinC]

186 2330 211 2353 s.
240 2322 271 2361 9,
298 2322 352 2361 26,
381 2322 432 2354 15.

231 2365 268 2400 3.
297 2367 393 2399 1—2.
421 2365 516 2398 Dann
544 2367 680 2400 werden
714 2368 764 2400 sie
790 2370 873 2401 statt

186 2421 266 2444 euer
290 2410 484 2444 herrschen.

235 2459 262 2488 1.
284 2457 552 2497 7eeensete]*—
567 2459 755 2491 muliselma
778 2469 838 2489 1η]
841 2460 874 2498 a]

186 2500 339 2534 Rechte'
332 2512 365 2534 1n
384 2501 503 2544 Bezng
527 2503 588 2536 aus
603 2506 660 2545 (-=
678 2506 802 2546 gegen)
820 2503 874 2536 die

187 2545 328 2588 Frauen,
359 2547 412 2579 die
439 2529 873 2590 Rechtsbeschr'ankungen

938 1092 1138 1130 derselben;
1158 1092 1226 1134 vgl.
1243 1093 1273 1133 2,
1287 1094 1325 1125 9:
1344 1103 1438 1131 mos;
1456 1091 1541 1124 Rein
1555 1090 1624 1124 PR.

941 1140 1015 1171 153.
1026 1157 1070 1161 -
1083 1136 1226 1178 vestrz]*
1240 1157 1280 1161 —
1291 1148 1360 1180 per
1373 1139 1545 1181 quaeque]
1559 1137 1626 1170 wie

939 1184 1120 1216 licentiam
1145 1194 1269 1216 earum
1290 1184 1519 1225 (mulierum),
1543 1184 1628 1215 statt

937 1229 1105 1261 mulieres
1135 1229 1197 1262 mit
1229 1229 1304 1262 dem
1332 1227 1627 1272 entsprechenden

938 1275 1128 1315 Attribute,
1166 1285 1234 1308 von
1269 1275 1516 1317 adligaverint
1539 1273 1628 1307 nach

939 1320 1137 1353 demselben
1161 1319 1306 1363 Tropus,
1332 1321 1399 1354 wie
1423 1320 1469 1353 im
1496 1319 1628 1361 folgen-

942 1366 1006 1399 den
1033 1367 1254 1407 constrictas,
1280 1366 1454 1409 abhangig
1471 1365 1630 1408 gemacht

941 1412 1003 1452 ist,
1037 1421 1075 1444 so
1107 1411 1238 1444 konnte
1271 1411 1429 1445 dasselbe
1461 1411 1549 1444 auch
1574 1410 1629 1443 bei

939 1458 1156 1489 cuhwcerz'nt
1192 1468 1282 1489 vzrzs
1319 1457 1532 1500 geschehen;
1570 1455 1630 1489 der

942 1502 1122 1544 Ubergang
1155 1512 1195 1535 zu
1229 1502 1293 1535 den
1319 1502 1494 1536 Personen
1519 1501 1629 1535 selbst

942 1547 1067 1590 ersolgt
1084 1547 1231 1590 passend
1245 1548 1332 1581 nach
1351 1548 1427 1581 dem
1441 1547 1503 1580 mit
1516 1547 1628 1580 Nach-

943 1593 1050 1625 druck
1063 1593 1313 1626 wiedelholten
1329 1595 1500 1627 omnibus.
1536 1591 1630 1625 Uber

936 1649 1006 1681 per
1031 1649 1192 1681 quaeque
1225 1642 1311 1672 statt
1341 1642 1376 1671 et
1396 1649 1462 1682 per
1487 1648 1578 1681 qnae
1602 1648 1628 1670 s.

941 1684 1051 1718 Praes.
1077 1687 1116 1723 43
1144 1686 1174 1723 3,
1198 1687 1252 1725 55,
1279 1686 1336 1723 14;
1363 1687 1417 1726 24,
1435 1686 1490 1725 24,
1511 1685 1549 1723 8;
1576 1685 1630 1725 30,

943 1732 996 1771 30,
1012 1732 1047 1769 3;
1075 1732 1129 1771 38,
1144 1732 1249 1770 3t,5;
1276 1730 1345 1763 Cic.
1363 1730 1405 1763 de
1423 1729 1480 1763 off.
1502 1730 1630 1771 1,126;

940 1776 1027 1808 tiber
1065 1775 1130 1808 den
1166 1775 1328 1809 Wechsel
1364 1786 1433 1810 von
1463 1786 1534 1818 per
1569 1774 1632 1808 mit

942 1821 1019 1854 dem
1044 1821 1188 1854 Ablativ
1212 1831 1239 1854 s.
1266 1823 1296 1862 2,
1312 1823 1366 1861 24,
1381 1824 1412 1855 5.
1438 1822 1563 1861 4210.

988 1868 1019 1899 2.
1045 1866 1297 1909 θωίονριιθνε]*
1320 1886 1366 1890 -
1389 1870 1423 1899 et
1447 1866 1632 1909 aequarffi]

942 1912 1011 1954 vgl.
1027 1915 1081 1953 41,
1101 1914 1155 1955 26,
1169 1915 1200 1946 4.
1225 1931 1271 1936 -
1295 1913 1484 1955 eoetemplo,
1509 1911 1631 1951 simul]

943 1968 969 1990 s.
993 1959 1047 1998 23,
1072 1959 1126 2000 29,
1150 1960 1211 1997 t4;
1238 1958 1306 1991 Cic.
1330 1958 1366 1991 in
1391 1957 1485 1992 Verr.
1511 1961 1543 1998 4,
1570 1957 1630 1990 84:

943 2005 1006 2045 qui
1040 2006 1081 2035 at
1108 2006 1268 2046 primum
1302 2005 1401 2036 venit
1433 2028 1441 2036 .
1468 2027 1476 2037 .
1509 2004 1632 2035 statim

941 2050 1152 2091 imperavi&
1183 2059 1260 2082 zum
1293 2048 1480 2082 Gedanken
1503 2047 1574 2091 vgl.
1600 2049 1632 2090 6,

988 2141 1087 2173 3-5,
1141 2138 1208 2172 Das
1233 2138 1423 2173 Verfahren
1456 2138 1549 2172 sfihrt
1572 2148 1632 2171 zur

944 2184 1154 2227 Aushebung
1178 2184 1262 2218 aller
1287 2184 1443 2218 Gesetze.

992 2232 1022 2264 3.
1055 2229 1199 2274 novum]
1226 2230 1257 2263 d.
1283 2230 1316 2263 h.
1350 2230 1426 2264 eine
1456 2239 1543 2263 neue
1568 2228 1633 2262 Be-

945 2275 1173 2318 schr'ankung.
1199 2295 1244 2299 —
1270 2278 1340 2317 eas]
1374 2286 1400 2309 s.
1430 2286 1472 2309 zu
1498 2277 1552 2318 31,
1578 2276 1633 2316 11,

948 2323 1000 2355 12.
1037 2341 1082 2345 -
1118 2323 1186 2361 ius]
1225 2321 1301 2355 eine
1334 2321 1543 2364 gesetzliche
1566 2319 1632 2353 Be-

944 2367 1140 2409 stimmung,
1166 2367 1233 2400 wie
1255 2366 1327 2410 §52
1355 2365 1494 2407 officiet
1515 2367 1586 2399 ius.

990 2414 1021 2445 4.
1047 2414 1168 2453 immo]
1194 2412 1281 2445 dazu
1298 2412 1345 2446 ist
1361 2422 1422 2446 aus
1440 2413 1633 2455 deprecan-

947 2461 1007 2490 tm·
1031 2468 1074 2490 zu
1108 2458 1252 2496 nehmen
1282 2458 1480 2500 postulant.
1505 2476 1551 2481 ——
1575 2467 1634 2489 ac—

947 2504 1101 2546 cepistis]
1134 2503 1167 2535 in
1198 2502 1316 2546 Bezug
1349 2503 1410 2537 auf
1437 2503 1491 2537 die
1521 2501 1634 2544 Roga-

947 2549 1037 2588 ti0n;
1065 2558 1090 2581 s.
1117 2548 1138 2591 ξ
1164 2551 1199 2588 5;
1228 2551 1260 2591 6,
1287 2551 1340 2591 39,
1369 2551 1430 2588 t2;
1463 2548 1632 2582 iussistis:
