1795 2844
646 87 773 122 LIBER
797 86 957 124 XXXIIII.
1005 87 1101 122 CAP.
1128 91 1159 122 7.

174 108 202 128 a.
221 99 288 128 cm.
309 107 340 127 u.
359 100 418 127 195.
1552 85 1633 125 103

173 210 403 245 crementur
419 204 588 245 mortui:
612 204 771 244 feminis
787 203 987 243 dumtaxat
1002 216 1203 258 purpurae
1225 216 1300 243 usu
1318 203 1633 244 interdicemus?

173 268 228 311 et,
250 275 341 302 cum
363 261 434 302 tibi
456 263 538 302 viro
561 262 676 302 liceat
698 273 875 315 purpura
897 261 937 300 in
960 267 1106 301 vestem
1128 261 1344 313 stragulam
1366 262 1437 310 uti,
1469 269 1635 302 matrem

174 319 344 360 familiae
366 326 474 359 tuam
496 331 744 373 purpureum
774 318 989 358 amiculum
1012 319 1157 359 habere
1179 332 1260 359 non
1285 319 1412 368 sines,
1446 326 1483 358 et
1505 332 1633 372 equus

173 385 268 417 tuus
289 377 510 430 speciosius
532 378 723 417 instratus
744 376 819 416 erit
841 388 958 429 quam
979 389 1080 417 uxor
1101 374 1271 417 vestita?
1293 377 1360 416 sed
1378 377 1418 416 in
1437 389 1631 430 purpura,

173 447 276 488 quae
316 435 454 475 teritur
482 434 724 481 absumitur,
753 434 942 474 iniustam
985 434 1167 487 quidem,
1197 434 1265 474 sed
1296 434 1466 487 aliquam
1496 442 1630 474 tamen

173 505 334 533 causam
364 492 585 533 tenacitatis
615 492 727 532 video
738 504 748 540 ;
780 492 821 531 in
853 503 951 531 auro
982 504 1105 539 vero,
1138 492 1179 531 in
1209 504 1286 544 quo
1310 499 1466 545 praeter
1487 504 1630 532 manu-

172 550 348 603 pretium
371 550 470 590 nihil
498 549 782 590 intertrimenti
803 549 867 598 fit,
900 562 1000 602 quae
1023 549 1246 601 malignitas
1268 548 1357 589 est?
1387 550 1632 600 praesidium

173 607 308 660 potius
328 607 369 647 in
393 620 440 647 eo
462 613 521 647 est
542 613 580 647 et
600 607 647 646 ad
677 607 850 660 privatos
872 612 909 646 et
930 607 977 646 ad
1000 607 1183 660 publicos
1203 619 1300 646 usus
1316 638 1325 655 ‚
1355 608 1457 647 sicut
1479 609 1630 661 experti

172 665 280 705 estis.
322 664 472 704 nullam
493 664 798 704 aemulationem
821 664 924 704 inter
946 676 987 703 se
1009 664 1278 716 singularum,
1311 665 1498 717 quoniam
1522 664 1630 705 nulla

172 722 349 770 liaberet,
373 734 458 762 esse
475 721 617 762 aiebat.
654 729 693 762 at
715 722 877 762 hercule
900 722 1095 761 universis
1117 721 1232 761 dolor
1254 728 1291 761 et
1313 722 1534 774 indignatio
1558 729 1630 771 est,

170 792 265 819 cum
284 779 486 819 sociorum
507 779 636 820 Latini
658 779 834 819 nominis
863 779 1055 819 uxoribus
1076 779 1208 819 vident
1236 792 1279 818 ea
1302 792 1490 819 concessa
1514 793 1631 820 orna-

171 843 319 886 menta,
342 849 443 890 quae
460 837 535 876 sibi
556 837 737 890 adempta
754 837 846 883 sint,
870 849 960 876 cum
979 837 1148 889 insignis
1171 849 1235 876 eas
1257 850 1341 876 esse
1357 849 1453 877 auro
1478 844 1515 878 et
1533 851 1630 891 pur-

172 907 294 947 pura,
326 907 418 935 eum
440 894 526 935 illas
557 895 644 934 vehi
666 907 737 948 per
758 895 898 934 urbem
913 925 923 942 ,
953 907 995 934 se
1017 894 1185 947 pedibus
1208 894 1334 947 sequi,
1366 900 1566 948 tamquam
1590 896 1631 935 in

171 952 329 993 illarum
351 952 586 1000 civitatibus,
610 952 749 992 nonin
773 965 842 992 sua
859 952 1071 1005 imperium
1087 952 1149 991 sit.
1186 952 1362 991 virorum
1384 953 1460 992 hoc
1477 953 1633 993 animos

170 1009 379 1050 vulnerare
400 1017 556 1062 posset;
579 1010 673 1062 quid
696 1009 1021 1050 muliercularum
1045 1009 1231 1058 censetis,
1255 1022 1352 1062 quas
1374 1011 1490 1050 etiam
1514 1023 1632 1063 parva

171 1065 363 1107 movent?
394 1080 475 1106 non
505 1068 757 1119 magistratus
789 1080 862 1107 uec
892 1066 1110 1107 sacerdotia
1140 1079 1215 1106 nec
1246 1068 1438 1120 triumphi
1469 1081 1544 1108 nec
1572 1068 1635 1108 in·

171 1125 300 1176 signia
323 1137 398 1164 nec
419 1125 521 1164 dona
543 1133 611 1165 aut
644 1125 770 1177 spolia
792 1124 933 1164 bellica
955 1125 1002 1164 iis
1032 1124 1266 1176 contingere
1288 1133 1479 1177 possunt3
1514 1138 1633 1165 mun-

171 1182 290 1222 ditiae
318 1188 355 1221 et
385 1188 549 1222 ornatus
581 1189 620 1222 et
650 1182 803 1230 cultus,
835 1183 933 1222 haec
963 1181 1402 1235 feminarum1insignia
1424 1190 1538 1232 sunt,
1571 1183 1634 1223 his

172 1282 228 1316 die
240 1282 393 1316 hoheren
408 1281 611 1326 Magistrate
632 1282 770 1317 durften
788 1293 868 1326 pur-

171 1339 282 1373 purne
322 1328 404 1362 oder
440 1328 690 1363 karmesinrote
728 1328 868 1363 Pserde-

939 1283 1071 1317 Frauen
1097 1284 1137 1325 (s.
1164 1286 1197 1325 5,
1222 1284 1277 1324 25,
1304 1285 1336 1325 9)
1371 1284 1450 1318 lasst
1486 1294 1521 1318 er
1547 1284 1636 1318 auch

939 1329 1011 1363 hier
1043 1329 1109 1362 den
1140 1328 1276 1362 Redner
1308 1329 1409 1364 keine
1443 1329 1635 1364 Rficksicht

172 1374 307 1408 decken
326 1375 559 1417 gebrauchen;
578 1375 649 1418 vgl.
665 1374 765 1418 Verg.
781 1376 865 1409 Aen.

173 1422 302 1463 ῗ,2”ιῖ;
329 1422 505 1454 instratos
527 1423 623 1454 ostro
649 1421 820 1464 alipedes.

217 1469 249 1501 4.
276 1468 409 1500 teritur
432 1468 646 1508 absumitur]
673 1478 699 1500 S.
715 1468 746 1508 3,
765 1469 796 1501 4.
822 1486 868 1490 -

170 1513 382 1553 iniustam]*
392 1532 436 1536 ——
449 1514 745 1555 manupretium']
758 1509 866 1546 ‘Lohn

172 1558 227 1592 ssu-
252 1558 318 1592 den
344 1555 605 1593 Goldarbeiter'‚
631 1579 675 1583 —
706 1561 872 1591 intertri-

170 1607 298 1685 ἒηεέῑίᾇ]
324 1615 351 1640 s.
368 1606 422 1647 32,
437 1607 469 1647 2,
484 1606 514 1639 2.
542 1623 587 1630 —
612 1607 755 1648 experti
772 1605 868 1647 estis]

219 1698 320 1731 5—7.
357 1695 418 1729 Die
448 1695 671 1739 Erbitterung
707 1696 792 1729 aller
824 1696 870 1730 ist

172 1742 370 1776 schlimmer
395 1741 445 1775 als
471 1741 526 1775 die
551 1741 657 1776 Sucht
684 1742 868 1785 einzelnen

172 1788 247 1822 sich
276 1787 544 1822 hervorzuthun.

220 1838 252 1868 5.
277 1836 373 1866 inter
385 1832 433 1877 se]
451 1834 498 1866 ist
511 1833 724 1877 notwendig,
750 1833 792 1867 da
807 1832 868 1867 das

175 1879 372 1913 Verhiiltnis
391 1879 450 1913 der
476 1879 655 1913 einzelnen
674 1882 773 1913 unter
798 1880 868 1912 ein-

172 1925 280 1959 ander
289 1925 341 1959 als
350 1924 550 1969 reziprokes
558 1925 762 1959 bezeichnet
773 1925 869 1958 wird.

174 1991 219 1996 —
257 1973 298 2004 at
332 1971 489 2012 hercule]
524 1971 619 2005 stellt
655 1971 732 2004 dem
766 1971 869 2012 (still-

173 2017 398 2060 schweigend
428 2017 700 2060 eingeraumten)
732 2017 868 2051 Grunde

175 2064 236 2097 des
251 2063 404 2105 Gegners
420 2063 519 2097 einen
535 2063 683 2097 anderen
699 2063 749 2097 als
764 2063 870 2096 wich-

174 2110 264 2153 tiger
281 2109 479 2153 gegenUber
500 2109 570 2142 und
584 2109 772 2152 bekriiftigt
788 2109 869 2142 den—

174 2155 306 2189 selben.
318 2175 361 2179 —
374 2157 465 2196 cum]
480 2173 523 2184 =
535 2155 648 2199 quoe&
665 2156 868 2195 s.39‚12,7;

174 2204 230 2243 44,
249 2202 304 2244 36,
328 2203 359 2234 8.
387 2221 428 2224 -
455 2204 638 2235 sociorum
655 2227 662 2234 .
677 2203 698 2243 .]
725 2200 785 2233 das
804 2199 870 2244 Op-

174 2247 295 2291 pische
320 2246 444 2280 Gesetz
476 2257 548 2281 war
582 2247 656 2280 also
689 2246 754 2280 den
780 2245 870 2279 Buri>

176 2293 411 2336 desgenossen
459 2293 553 2326 nicht
609 2293 870 2336 ausgeslrungen

176 2338 339 2380 worden,
373 2338 441 2372 wie
467 2339 609 2377 andere;
645 2349 670 2372 s.
699 2341 752 2380 35,
779 2340 810 2379 7,
838 2341 868 2372 5.

176 2383 274 2418 Nach
310 2384 387 2417 dem
425 2384 611 2428 folgenden
642 2396 712 2428 per
748 2385 871 2417 urbem

174 2429 299 2463 nimmt
330 2430 401 2463 Liv.
434 2441 496 2473 an,
530 2431 604 2464 dass
639 2431 705 2464 den
738 2430 871 2463 Frauen

177 2475 238 2509 der
260 2475 573 2518 Bundesgenossen
599 2476 660 2510 das
680 2476 811 2509 Fahren
836 2475 871 2508 in

178 2521 238 2554 der
262 2520 361 2555 Stadt
385 2522 521 2556 erlaubt
552 2532 715 2566 gewesen
742 2522 809 2559 sei:
844 2530 871 2554 S.

179 2568 210 2609 3,
241 2568 280 2607 93
318 2567 378 2600 auf
406 2567 467 2602 das
500 2568 636 2602 stultere
670 2568 778 2601 Recht
813 2566 872 2600 der

939 1375 1096 1409 nehmen.
1123 1394 1167 1399 —-
1193 1375 1356 1418 videntj*

985 1423 1017 1455 6.
1049 1421 1211 1464 pedibus]
1255 1421 1314 1455 der
1354 1421 1535 1455 Gebraueh
1576 1421 1636 1455 der

939 1466 1084 1500 Sansten
1110 1467 1154 1500 ist
1180 1466 1274 1501 wohl
1304 1467 1509 1501 absichtlich
1534 1468 1637 1501 fiber-

938 1523 1095 1556 gangen‚
1131 1512 1221 1546 denn
1247 1513 1452 1547 schwerlich
1478 1514 1537 1547 hat
1562 1514 1634 1548 Liv,

940 1559 1111 1592 andeuten
1127 1558 1266 1600 wollen,
1285 1559 1361 1593 dass
1382 1559 1561 1593 dieselben
1576 1559 1631 1593 da-

940 1605 1027 1638 mals
1053 1615 1116 1638 nur
1145 1606 1236 1638 noch
1262 1606 1377 1649 wenig
1402 1606 1436 1638 in
1454 1605 1635 1639 Gebrauch

939 1661 1071 1689 waren;
1100 1661 1125 1684 s.
1152 1650 1284 1684 Becker
1310 1651 1428 1685 Gallus
1454 1655 1532 1694 3,7.

988 1699 1018 1731 Τ.
1037 1696 1349 1739 muliercularum]
1366 1698 1465 1731 naml.
1477 1700 1618 1730 animos
1630 1712 1637 1736 ;

940 1742 1026 1776 dazu
1054 1743 1098 1775 ist
1123 1752 1185 1775 aus
1211 1744 1404 1776 vulnerare
1429 1744 1488 1777 der
1508 1743 1641 1787 Begriff

938 1783 1159 1831 ‘empfinden’
1187 1799 1229 1822 zu
1264 1788 1412 1824 denken.
1438 1809 1483 1814 —
1502 1791 1635 1832 parva]

940 1834 1010 1878 vgl.
1027 1836 1058 1876 6,
1073 1837 1126 1875 34,
1141 1836 1170 1867 7.

987 1882 1111 1914 3—10.
1146 1879 1230 1912 Was
1264 1880 1319 1913 die
1344 1879 1475 1914 Frauen
1501 1880 1638 1914 verlan-

941 1936 1018 1968 gen,
1034 1926 1078 1959 ist
1093 1925 1337 1960 unbedeutend
1352 1927 1422 1959 und
1436 1927 1512 1960 dem
1529 1927 1636 1961 weib-

939 1972 1053 2005 lichen
1080 1971 1267 2005 Charakter
1292 1982 1529 2015 angemessen.

989 2020 1019 2052 S.
1047 2029 1119 2050 non
1148 2019 1387 2060 magistratus
1407 2044 1414 2052 .
1431 2021 1450 2060 .]
1485 2019 1554 2062 vgl.
1581 2019 1635 2053 die

941 2062 990 2096 St.
1011 2073 1072 2097 aus
1099 2064 1248 2097 Zonaras
1275 2075 1315 2098 zu
1335 2067 1366 2105 4,
1382 2066 1435 2098 21.
1454 2085 1499 2089 —
1525 2065 1634 2106 dona]

941 2120 967 2143 s.
995 2112 1027 2151 6,
1053 2111 1107 2150 20,
1134 2112 1165 2143 7.
1192 2129 1236 2133 —
1260 2111 1391 2154 spolia]
1419 2121 1444 2144 s.
1463 2112 1518 2153 23,
1533 2113 1587 2150 23,
1604 2114 1635 2145 6.

986 2157 1017 2189 9.
1044 2156 1257 2197 munditiae]
1285 2166 1311 2189 s.
1338 2159 1369 2199 S,
1401 2160 1451 2198 15,
1478 2159 1514 2196 73
1550 2156 1635 2190 Sall.

938 2200 1009 2244 lug.
1030 2203 1083 2243 85,
1101 2203 1164 2235 402
1190 2202 1389 2235 munditias
1412 2203 1637 2244 mulieribus,

940 2249 1033 2291 viris
1055 2249 1213 2280 laborem
1231 2250 1437 2287 eonvenirae
1465 2248 1561 2282 Zon.:
1591 2247 1635 2282 σὺ

941 2289 974 2326 δ’
1002 2293 1032 2326 ὠ
1060 2290 1218 2335 Κάτων,
1245 2293 1276 2326 εἰ
1301 2291 1401 2340 ἄχθῃ
1427 2293 1481 2337 τῷ
1508 2292 1634 2338 κόσμῳ

941 2338 1020 2372 τῶν
1043 2339 1253 2385 γυναικῶν.
1270 2366 1277 2371 .
1303 2335 1500 2384 ἇπόκειρον
1526 2338 1638 2374 αὐτὰς

942 2381 1192 2430 περιτρόχαλα
1225 2387 1286 2417 καὶ
1309 2413 1316 2419 .
1333 2411 1341 2418 .
1376 2382 1556 2437 ἐξαέμίδας
1579 2388 1638 2419 ἔν-

943 2427 1066 2464 δυσον.
1091 2432 1152 2462 καὶ
1170 2428 1215 2472 νὴ
1230 2431 1299 2463 Διά
1319 2428 1362 2463 σύ
1375 2443 1416 2477 γε
1428 2429 1586 2465 onst-mov
1603 2458 1610 2465 .
1626 2460 1633 2466 .

943 2478 1003 2508 καὶ
1029 2475 1060 2508 εἰ
1086 2473 1184 2508 δοκεῖ
1207 2486 1264 2509 σοι
1288 2479 1349 2509 καὶ
1374 2476 1423 2510 εἰς
1446 2475 1515 2519 τὴν
1537 2474 1634 2522 Ἰβη-

944 2524 1028 2565 plaz·
1046 2516 1208 2567 ἀνάγαγε
1223 2548 1229 2554 .
1245 2549 1253 2556 .
1274 2541 1315 2546 -
1335 2526 1486 2556 ornatus
1499 2548 1506 2556 .
1523 2525 1543 2564 .]
1565 2525 1634 2567 vgl.

943 2566 1088 2600 Tertull.
1121 2567 1162 2600 de
1194 2568 1272 2602 hab.
1306 2569 1387 2602 mul.
1420 2571 1457 2603 4:
1492 2570 1639 2603 habitus
