1747 2780
172 57 250 96 126

581 59 707 94 LIBER
731 60 861 95 XXXII.
910 61 1003 96 CAP.
1033 64 1084 98 14.
1115 65 1165 97 15.

1417 82 1442 102 a.
1461 83 1490 102 u.
1511 82 1535 103 c.
1553 75 1618 103 556·

118 183 136 215 6
168 176 254 228 cipe
277 182 442 227 excepto
460 176 645 227 Epirotae
668 176 868 225 favissent,
891 185 1021 217 tamen
1049 178 1138 229 quia
1157 177 1204 217 ab
1227 178 1488 219 satisfaciendi
1512 192 1613 232 quo-

168 246 245 286 que
274 245 367 272 cura
398 233 588 284 imperata
620 234 732 274 enixe
765 235 894 274 facere
918 235 1041 282 videt,
1079 248 1125 274 ex
1154 235 1353 287 praesenti
1383 248 1452 276 eos
1481 238 1614 289 potius

168 303 283 343 quam
314 303 360 330 ex
392 291 607 341 praeterito
638 291 815 331 aestimat
843 292 978 331 habitu
1009 299 1046 333 et
1077 305 1121 332 ea
1151 292 1235 344 ipsa
1265 292 1447 333 facilitate
1476 295 1613 334 veniae

117 355 135 387 7
167 349 320 388 animos
342 360 479 386 eorum
497 348 536 386 in
569 354 773 400 posterum
795 350 991 388 conciliat.
1032 349 1160 389 missis
1182 349 1323 389 deinde
1348 350 1500 391 nuntiis
1517 351 1613 391 Cor-

167 418 319 458 cyram,
353 411 394 444 ut
417 406 619 444 onerariae
650 419 769 446 naves
790 406 829 445 in
861 407 990 446 sinum
1019 407 1203 446 venirent
1222 407 1497 457 Ambracium,
1529 409 1612 461 ipse

166 475 402 515 progressus
423 463 587 503 modicis
609 463 818 503 itineribus
840 470 979 515 quarto
997 464 1058 503 die
1075 464 1115 503 in
1133 470 1268 503 monte
1285 464 1464 504 Cercetio
1480 466 1614 518 posuit

114 526 133 558 ὃ
164 526 310 567 castra,
342 520 480 560 eodem
503 521 757 573 Amynandro
782 534 871 560 cum
893 522 974 561 suis
1000 521 1152 561 auxiliis
1174 521 1320 569 accito,
1351 534 1432 561 non
1455 528 1534 562 tam
1556 523 1611 562 vi-

166 578 267 616 rium
290 577 375 617 eius
397 590 530 628 egens,
562 591 679 629 quam
701 585 740 617 ut
772 578 893 618 ducos
915 579 954 618 in
978 579 1218 618 Thessaliam
1250 578 1424 619 haberet.
1473 579 1520 619 ab
1545 593 1611 619 eo-

165 635 253 674 dem
275 634 440 674 consilio
473 642 511 674 et
532 635 711 687 plerique
735 636 989 687 Epirotarum
1019 636 1228 675 voluntarii
1258 636 1364 676 inter
1384 637 1525 676 auxilia
1547 649 1611 676 ac-

95 695 141 729 15
165 692 281 743 cepti.
331 692 496 743 primam
529 692 667 732 urbem
690 693 911 732 Thessaliae
934 693 1151 732 Phaloriam
1183 700 1240 733 est
1271 694 1491 746 adgressus.
1533 694 1613 734 duo

165 749 268 788 inilia
291 749 551 788 Macedonum
575 750 613 789 in
637 750 832 802 praesidio
854 750 1042 798 hahebat„
1074 751 1139 802 qui
1163 751 1291 802 primo
1314 763 1468 791 summa
1488 751 1525 790 vi
1546 764 1610 791 re-

113 813 131 845 2
161 808 360 852 stiterunt,
392 813 584 857 quantum
607 819 734 855 arma,
768 814 959 858 quantum
990 808 1146 847 moenia
1170 808 1270 847 tueri
1293 813 1492 860 poterant.
1542 810 1610 848 sed

165 864 410 916 oppugnatio
443 865 654 912 continua,
686 878 765 904 non
798 871 914 904 nocte
939 878 1017 904 non
1042 865 1103 904 die
1135 865 1319 918 remissa,
1349 877 1438 905 cum
1470 866 1611 906 consul

164 922 203 960 in
238 934 283 960 eo
316 922 412 960 verti
443 922 619 961 crederet
654 929 878 961 ceterorum
909 922 1190 962 Thessalorum
1220 922 1392 970 animos,
1430 922 1461 962 si
1492 923 1610 974 primi

162 978 238 1017 vim
261 978 480 1017 Romanam
505 992 584 1018 non
609 980 911 1027 sustinuissent,
943 979 1033 1018 vicit
1055 979 1314 1030 pertinaciam
1335 979 1609 1020 Macedonum.

161 1043 271 1089 capta
290 1036 470 1075 Phaloria
492 1036 607 1086 legati
629 1049 649 1074 a
666 1037 874 1088 Metropoli
896 1042 933 1075 et
952 1049 971 1074 a
990 1036 1116 1075 Cierio
1140 1037 1329 1076 dedentes
1348 1036 1470 1077 nrbes
1489 1049 1608 1077 vene-

163 1100 269 1133 runt.
310 1093 421 1132 venia
438 1093 584 1132 eisdem
607 1093 836 1145 petentibus
854 1095 990 1141 datur;
1013 1093 1193 1133 Phaloria
1216 1093 1379 1133 incensa
1395 1106 1440 1133 ac
1456 1094 1610 1146 direpta

111 1158 130 1190 4
160 1158 231 1190 est.
274 1151 364 1189 inde
387 1151 595 1201 Aeginium
627 1151 746 1202 petit;
777 1164 896 1202 quem
925 1151 1056 1190 locum
1077 1163 1166 1191 cum
1190 1151 1250 1190 vel
1280 1151 1436 1191 modico
1458 1151 1610 1204 praesi-

112 1043 130 1074 3

163 1240 188 1262 s.
216 1240 257 1263 zu
283 1230 336 1270 22,
365 1231 417 1269 15,
438 1231 473 1261 1:
502 1240 716 1272 quamquam
741 1231 850 1272 probe

161 1277 240 1309 seit.
267 1295 309 1298 —
343 1275 531 1317 Epirotae]
557 1285 582 1308 s.
611 1278 665 1316 2⁵1,
692 1278 721 1316 7,
748 1278 779 1309 9.

208 1323 238 1355 6.
258 1322 300 1354 ab
317 1346 323 1353 .
339 1347 344 1353 .
361 1321 460 1362 eura]
480 1316 621 1363 ‘inrolge
640 1320 698 1354 der
717 1319 848 1363 Sorge'3

163 1378 189 1401 s.
208 1367 226 1407 ξ
244 1369 279 1403 ὃς
307 1369 368 1405 33,·
389 1369 440 1407 14,
461 1368 491 1400 9.
518 1386 562 1390 ——
587 1366 849 1408 satisfaciendi]

162 1413 231 1446 ihm
258 1412 510 1454 Genugthuuug
536 1423 575 1445 zu
601 1412 744 1454 leisten,
778 1413 849 1446 ihre

164 1457 291 1492 Schuld
325 1457 450 1490 wieder
476 1461 536 1500 gut
561 1468 601 1490 zu
629 1458 788 1496 maehen;
822 1469 848 1493 s.

161 1505 351 1546 31‚19‚·2.
386 1523 427 1527 -
461 1505 612 1545 quoque]
644 1503 674 1536 d.
708 1504 739 1536 h.
775 1504 847 1538 also

161 1549 255 1584 nicht
280 1548 382 1582 allein
413 1559 472 1581 aus
499 1548 633 1582 Furcht.
666 1568 708 1573 -—
742 1552 849 1591 impe-

159 1599 241 1629 rata
259 1620 266 1628 .
287 1622 292 1628 .
311 1594 443 1635 facere]
467 1595 519 1627 ein
539 1594 685 1628 Zeichen
705 1595 762 1628 der
781 1595 846 1628 Un-

161 1640 369 1682 terwersung
402 1640 468 1673 und
500 1640 755 1684 Anerkennung
789 1641 848 1674 der

159 1687 351 1721 romischen
371 1686 512 1719 Gewalt.
548 1685 725 1724 Quinctius
744 1686 847 1720 deckt

160 1734 231 1767 sich
251 1732 355 1765 durch
375 1732 438 1765 den
453 1732 526 1774 Zug
541 1733 624 1764 nach
641 1732 762 1775 Epirus
780 1732 845 1766 den

159 1778 301 1812 Riicken
331 1777 400 1811 und
430 1777 536 1810 bleibt
562 1778 623 1810 mit
648 1778 707 1811 der
732 1777 845 1811 Flotte

160 1827 199 1865 (s.
219 1826 238 1867 ξ
258 1827 290 1865 7)
316 1824 349 1856 in
377 1822 610 1866 Verbindung.
637 1843 679 1847 —
707 1825 843 1864 habitu]

159 1871 231 1904 ihre
256 1869 465 1912 (politische)
491 1868 653 1912 Hastung:
682 1880 707 1903 s.
739 1872 790 1910 19,
813 1871 844 1904 6.

157 1936 202 1941 -
226 1917 361 1956 veniae]
388 1914 442 1948 die
468 1915 539 1948 sich
557 1916 591 1947 in
610 1915 668 1948 der
684 1915 845 1958 gelinden

158 1961 384 2003 Behandlung
410 1961 605 2004 aussprach.

207 2009 236 2041 7.
268 2007 512 2047 Ambracium]
540 2006 616 2039 dem
642 2005 844 2040 Meerbusen

158 2063 226 2085 von
258 2053 349 2085 Arta.
387 2071 430 2075 -—
470 2051 639 2093 Cercetio]
675 2052 728 2085 die
762 2062 842 2085 vom

157 2098 309 2131 Lakmon
335 2097 552 2139 ausgehende
577 2098 730 2130 siidliche
748 2097 844 2130 Fort-

158 2147 303 2186 setzung
328 2142 388 2176 des
414 2141 553 2183 Pindus,
583 2143 637 2175 die
663 2143 749 2176 auch
776 2142 842 2175 Pli-

157 2190 234 2223 nius
267 2191 299 2231 4,
326 2190 368 2222 30
402 2188 573 2222 erw'ahnt:
609 2190 770 2229 (montes)
805 2191 843 2221 in

160 2235 342 2268 Thessalia
367 2261 374 2269 .
403 2259 426 2276 .,
453 2245 605 2276 qnorum
630 2235 845 2267 nobilissimi

160 2281 320 2322 Cercetii,
355 2280 525 2324 Olympus
554 2281 712 2323 Pierius,
746 2280 841 2321 Ossa,

157 2329 259 2360 euius
272 2338 316 2359 ex
330 2326 479 2359 adverso
492 2326 627 2359 Pindus
644 2329 677 2358 el
693 2326 824 2369 Othrys
836 2340 843 2365 ;

156 2373 243 2406 nach
261 2384 292 2406 u.
309 2371 356 2405 St.
376 2372 518 2414 gehorte
537 2371 690 2404 dieselbe
708 2382 749 2404 zu
764 2371 843 2414 Epi-

155 2428 224 2459 rus,
250 2418 344 2451 nicht
369 2428 410 2451 zu
436 2416 647 2451 Thessalien.

203 2465 233 2497 8.
245 2465 287 2496 ab
297 2464 415 2496 eodem
424 2463 586 2503 oonsilio]
599 2473 623 2496 s.
634 2474 674 2496 zu
684 2464 738 2504 21,
747 2465 841 2504 54‚6.

200 2509 260 2544 15.
290 2511 318 2542 1.
350 2507 568 2552 Phaloriam]
595 2509 681 2541 nach
708 2511 762 2550 36,
791 2511 842 2550 13,

157 2556 195 2594 6;
211 2556 265 2595 39,
277 2555 331 2596 25,
343 2556 361 2588 3
372 2554 452 2587 larst
466 2555 537 2587 sich
552 2554 754 2596 annehmen,
769 2554 842 2588 dass

921 1229 974 1263 die
993 1228 1093 1263 Stadt
1119 1240 1161 1262 an
1188 1229 1246 1262 der
1263 1229 1483 1272 Nordgrenze
1500 1229 1607 1264 Thes-

920 1275 1046 1309 saliens
1072 1275 1147 1318 den]
1170 1277 1221 1316 14,
1241 1278 1258 1308 5
1286 1275 1485 1309 erwahnten
1502 1274 1608 1310 Passe

922 1321 1025 1355 n'aher
1050 1321 1101 1354 als
1126 1321 1284 1364 Aginium
1311 1321 1456 1364 gelegen
1481 1321 1551 1356 hat.

966 1369 997 1401 2.
1023 1378 1095 1400 non
1117 1392 1124 1400 .
1146 1393 1153 1400 .
1175 1368 1244 1408 die]
1278 1377 1304 1400 s.
1332 1369 1363 1409 4,
1390 1369 1420 1401 2.
1445 1387 1490 1391 —
1515 1369 1607 1400 verti

921 1438 928 1445 .
945 1440 951 1445 .
967 1414 1116 1453 animos]
1143 1423 1168 1446 s.
1196 1415 1249 1450 37,
1276 1415 1306 1453 7,
1326 1414 1361 1446 8:
1387 1413 1428 1446 id
1450 1415 1607 1446 vertitur

922 1460 958 1490 in
997 1459 1178 1491 voluntate
1214 1458 1389 1501 Plzz‘lippz·;
1428 1469 1506 1492 zum
1543 1458 1608 1493 Ge-

919 1503 1053 1537 danken
1080 1514 1106 1536 s.
1134 1507 1164 1545 5,
1190 1506 1221 1545 6,
1248 1507 1278 1537 7.

965 1551 994 1583 3.
1029 1561 1049 1582 α
1076 1549 1269 1592 Metropoli
1292 1552 1327 1581 et
1350 1561 1371 1582 α
1399 1550 1549 1591 Cz’erz‘o*]
1579 1560 1606 1584 S.

919 1597 1041 1636 36,10,
1061 1596 1095 1634 2;
1123 1594 1217 1628 diese
1243 1594 1362 1628 Stadte
1387 1595 1499 1638 liegen
1526 1606 1606 1629 vom

918 1640 1159 1684 Standpunkte
1185 1641 1244 1674 des
1269 1639 1418 1675 Konsuls
1448 1641 1606 1675 ziemlich

917 1687 1081 1725 entfernt3
1121 1688 1175 1728 36,
1204 1689 1254 1727 14,
1281 1688 1300 1720 6
1336 1686 1419 1719 wird
1452 1686 1605 1721 dieselbe

915 1732 1097 1775 Handlung
1121 1743 1188 1766 von
1223 1732 1325 1765 ihnen
1358 1731 1537 1766 berichtet.
1561 1753 1606 1758 —

876 1780 879 1782 ’
916 1778 1120 1821 ssletropolc']
1146 1789 1171 1812 s.
1194 1780 1245 1820 13,
1268 1781 1325 1817 113
1351 1777 1385 1811 in
1411 1777 1470 1812 der
1494 1778 1603 1819 Nfihe,

916 1824 1010 1857 mehr
1037 1824 1174 1866 ostlich,
1198 1823 1256 1866 lag
1281 1823 1443 1864 Cierium;
1470 1834 1496 1858 s.
1519 1823 1606 1858 Bur-

916 1869 990 1902 sian
1012 1872 1040 1911 1,
1056 1872 1109 1904 73.
1128 1889 1171 1893 —
1189 1869 1365 1910 dedentes]
1383 1879 1410 1905 S.
1425 1871 1480 1912 36,
1497 1871 1549 1912 14,
1564 1872 1601 1904 6:

915 1915 1113 1955 tradentes-3
1137 1915 1206 1958 vgl.
1233 1916 1288 1958 21,
1309 1916 1341 1957 6,
1359 1916 1390 1948 2.
1417 1935 1459 1939 —
1484 1918 1603 1957 venc'a]

915 1961 985 2003 vgl.
1004 1963 1054 2001 14,
1071 1963 1102 1994 6.
1127 1963 1177 2002 16,
1197 1962 1249 1994 14.
1269 1980 1310 1984 —
1328 1962 1433 1993 venia
1451 1961 1604 1994 eisdem*

913 2008 1115 2049 petentibus
1129 2007 1250 2047 datur]
1268 2005 1352 2039 kurz
1365 2008 1448 2040 statt
1462 2009 1603 2040 veniam

913 2052 1041 2084 eisdem
1050 2053 1256 2094 petentibus
1269 2053 1374 2084 venia
1387 2052 1506 2094 datur,
1525 2052 1556 2086 d.
1569 2053 1601 2086 h.

911 2093 974 2130 ‘als
1000 2097 1049 2131 sie
1075 2097 1231 2140 zugleich
1256 2108 1314 2131 um
1333 2096 1520 2141 Schonung
1543 2098 1603 2131 ba-

914 2146 982 2184 ten,
1008 2142 1125 2176 wurde
1151 2143 1255 2177 ihnen
1286 2143 1380 2176 diese
1411 2140 1600 2186 zugesagff.

913 2188 957 2221 Es
983 2188 1128 2231 erfolgte
1161 2189 1234 2231 also
1267 2189 1433 2222 zuniichst
1463 2189 1518 2222 die
1543 2189 1603 2223 be-

913 2234 1160 2277 dingungslose
1192 2234 1391 2278 Ubergabe,
1423 2234 1512 2268 daun
1547 2234 1602 2269 die

914 2281 1055 2313 weitere
1088 2279 1200 2323 Bitte,
1236 2280 1295 2315 der
1326 2280 1464 2323 zusolge
1495 2280 1600 2314 ihnen

911 2326 991 2367 (wie
1020 2328 1075 2368 17,
1101 2327 1134 2367 2)
1160 2329 1233 2359 vita
1259 2337 1302 2360 ac
1327 2325 1473 2358 libertas
1497 2336 1601 2369 zuge-

911 2371 1054 2405 standen
1075 2372 1146 2405 sein
1164 2371 1261 2405 wird.
1294 2371 1378 2404 Zum
1391 2370 1598 2415 Ausdr.vgl.

914 2419 966 2458 16,
996 2419 1046 2451 14.
1072 2436 1114 2440 —
1141 2419 1299 2458 incensa]
1325 2417 1374 2450 sie
1392 2416 1475 2450 wird
1495 2417 1546 2450 als
1565 2419 1602 2450 vi

912 2465 1015 2505 capta
1042 2463 1128 2496 nach
1151 2462 1370 2507 Kriegsrecht
1393 2462 1597 2504 behandelt;

911 2518 938 2542 S.
965 2510 1019 2549 31,
1046 2510 1100 2549 27,
1125 2511 1157 2542 4.

958 2556 989 2587 4.
1021 2555 1229 2597 Aeginium]
1260 2564 1286 2587 s.
1313 2555 1366 2595 36,
1396 2554 1447 2596 13,
1472 2555 1509 2594 ὃς
1541 2555 1598 2595 44,
