1747 2828
843 268 891 322 T.
925 267 1056 321 LIVI

398 360 461 399 AB
494 359 626 398 VRBE
660 359 880 399 CONDITA
912 359 1049 398 LIBRI
1079 359 1203 399 xxxi
1234 359 1504 400 PERlocuA.

320 460 407 493 Belli
434 460 498 493 adv
502 470 596 493 ersus
618 459 814 504 Philippum
832 459 1051 494 Macedoniae
1076 470 1202 503 regem,
1229 460 1321 503 quod
1337 461 1567 495 intermissum
1585 463 1668 503 erat,

229 506 364 559 repetiti
391 516 513 539 causae
539 505 730 539 referuntur
747 506 827 539 hae.
854 510 1007 549 tempore
1025 506 1198 539 initiorum
1216 505 1310 539 duo
1302 516 1444 540 iuvenes
1460 507 1666 544 Acarnanes,

230 553 285 596 qui
307 562 374 585 non
393 554 489 585 eiant
506 551 641 587 initiati,
667 550 818 584 Athenas
836 554 1002 584 venerunt
1027 552 1112 584 etin
1134 552 1318 584 sacrarium
1338 552 1468 585 Cereris
1493 562 1570 585 cum
1594 551 1669 585 aliis

232 597 456 641 popularibus
475 597 544 629 suis
561 597 785 629 intraverunt.
823 597 866 629 ob
885 596 959 637 hoc,
985 601 1158 640 tamquam
1177 607 1345 630 summum
1364 597 1462 630 nefas
1480 597 1670 631 commisis—

188 646 205 676 5
232 647 319 684 sent,
345 643 386 675 ab
404 642 671 675 Atheniensibus
691 642 795 675 occisi
820 646 909 675 sunt.
957 643 1151 676 Acarnanes
1169 643 1336 676 mortibus
1352 653 1491 676 suorum
1508 642 1670 676 commoti

232 689 273 722 ad
298 687 522 721 vindicandos
548 687 626 720 illos
645 687 805 720 auxilium
824 697 842 720 a
860 686 1019 731 Philippo
1039 689 1211 730 petierunt
1228 691 1262 721 et
1279 689 1432 722 Athenas
1449 697 1672 731 oppugnave-

231 738 325 772 runt;
344 734 574 766 Athenienses
592 733 753 766 auxilium
770 743 788 765 a
803 732 964 766 Romanis
982 734 1163 775 petierunt.
1201 737 1363 776 coeptum
1380 737 1433 768 est
1449 738 1564 767 autem
1581 743 1670 766 anno

232 779 506 822 quingentesimo
525 779 814 821 quinquagesimo
828 781 947 820 primo
966 780 1008 811 ab
1026 780 1109 812 urbe
1127 779 1275 820 condita,
1300 783 1380 821 post
1397 789 1515 822 pacem
1534 779 1672 811 Cartha-

232 825 443 868 giniensibus
469 824 581 857 datam
607 825 725 867 paucis
750 824 934 857 mensibus.
982 834 1058 856 cum
1084 824 1355 867 Atheniensium,
1384 825 1442 868 qui
1467 835 1485 857 a
1510 823 1671 867 Philippo

168 874 206 904 10
233 870 487 911 obsidebantur,
512 869 617 912 legati
644 869 805 902 auxilium
823 880 840 902 a
860 873 979 902 senatu
1006 870 1185 912 petissent,
1215 872 1250 903 et
1273 869 1308 902 id
1332 874 1471 903 senatus
1495 869 1673 903 ferendum

233 916 442 957 censuisset,
468 914 585 957 plebe,
612 915 665 947 cui
691 918 743 947 tot
768 914 933 948 bellorum
962 915 1145 948 continuus
1168 915 1266 947 labor
1291 915 1405 958 gravis
1427 917 1517 956 erat,
1543 915 1674 948 dissen-

236 962 339 994 tiente
365 961 473 994 tenuit
499 960 685 992 auctoritas
712 964 856 1003 patrum,
882 964 918 992 ut
943 960 1056 993 sociae
1082 960 1213 993 civitati
1239 959 1327 993 serre
1350 973 1389 990 ιι*
1410 970 1547 1004 quoque
1572 970 1671 1003 opem

232 1006 380 1050 populus
406 1006 547 1038 iuberet.
596 1005 629 1037 id
650 1005 776 1038 bellum
796 1004 832 1037 P.
855 1004 1007 1047 Sulpicio
1035 1005 1165 1038 consuli
1192 1005 1388 1038 mandatum
1411 1009 1475 1048 est,
1500 1005 1558 1048 qui
1579 1015 1674 1038 exer-

234 1053 302 1085 citu
336 1052 368 1084 in
395 1050 629 1084 Macedoniam
662 1050 764 1083 ducto
799 1050 1015 1093 equestribus
1049 1050 1189 1093 proeliis
1222 1060 1385 1094 prospere
1410 1060 1487 1084 cum
1512 1050 1672 1094 Philippo

170 1101 207 1132 15
234 1097 410 1140 pugnavit.
459 1096 618 1140 Abydeni
644 1107 661 1128 a
680 1095 840 1139 Philippo
867 1096 999 1128 obsessi
1025 1096 1066 1128 ad
1092 1096 1284 1139 exemplum
1304 1096 1570 1138 Saguntinorum
1592 1106 1673 1130 suos

234 1153 338 1185 seque
358 1141 565 1175 occiderunt.
605 1142 637 1175 L.
653 1142 771 1174 Furius
791 1145 927 1184 praetor
946 1141 1063 1174 Gallos
1081 1141 1239 1174 Insubres
1260 1141 1467 1174 rebellantes
1491 1144 1526 1174 et
1546 1141 1673 1174 Hamil·

234 1198 344 1221 carem
362 1187 513 1221 Poenum
538 1187 665 1220 bellum
691 1187 724 1219 in
748 1197 784 1219 ea
808 1191 904 1229 parte
926 1186 1042 1220 ltaliae
1065 1187 1265 1220 molientem
1283 1187 1356 1220 acie
1374 1187 1468 1221 vicit.
1504 1186 1674 1220 Hamilcar

234 1245 274 1266 eo
299 1233 391 1266 bello
417 1233 551 1266 occisus
578 1235 630 1265 est
656 1236 689 1266 et
714 1232 806 1265 milia
833 1232 1006 1265 hominum
1033 1232 1170 1275 triginta
1193 1233 1355 1276 quinque.
1403 1234 1590 1275 [praeterea
1617 1242 1675 1265 ex-

234 1278 426 1322 peditiones
457 1277 606 1321 Philippi
640 1278 729 1320 regis
762 1281 795 1310 et
821 1277 951 1320 Sulpici
983 1278 1133 1311 consulis
1166 1278 1507 1321 expugnationesque
1538 1277 1672 1311 urbium

165 1327 207 1358 20
233 1325 275 1357 ab
295 1328 439 1367 utroque
460 1324 567 1356 factas
586 1324 749 1358 continet.
787 1322 960 1365 Sulpicius
983 1323 1101 1356 consul
1121 1323 1248 1356 bellum
1271 1323 1411 1366 gerebat
1431 1323 1672 1356 adiuvantibus

232 1380 310 1413 rege
336 1370 452 1403 Attalo
479 1373 510 1402 et
538 1368 688 1403 Rhodiis.
738 1369 960 1412 triumphavit
985 1369 1026 1402 de
1052 1368 1157 1402 Gallis
1184 1369 1217 1404 L.
1243 1369 1364 1402 Furius
1387 1370 1546 1412 praetor]

340 1459 700 1501 Abweichuugen
726 1469 818 1491 vom
845 1457 955 1491 Text
981 1458 1052 1491 der
1076 1458 1332 1493 Jahnschen
1357 1459 1561 1502 Ausgabe

723 1504 910 1546 (Lipsiae
936 1505 1185 1546 nrncccrnr).

327 1575 355 1605 ἶ.
383 1576 544 1614 coeptum
570 1575 640 1605 est.
657 1574 677 1612 .]
710 1572 796 1605 nach
822 1571 948 1609 Wssb.;
983 1571 1030 1604 Ν·
1061 1575 1142 1614 post
1169 1583 1294 1615 pacem
1326 1572 1674 1614 carthaginiensibus

236 1619 355 1651 datam
369 1619 551 1660 quadr-ing
554 1620 721 1650 ente-rimo
738 1628 832 1649 anno
851 1619 893 1650 ab
911 1628 957 1649 w
959 1619 999 1649 be
1016 1617 1160 1650 condita
1171 1620 1302 1660 paucis
1318 1618 1494 1651 mensibus
1511 1620 1674 1660 coeptum

236 1667 288 1696 est
311 1668 428 1696 antem
456 1674 549 1695 amm
569 1665 852 1705 quingentesimo
875 1665 1010 1704 quinto.
1029 1681 1073 1687 -—
1098 1665 1183 1697 18—
1186 1665 1227 1696 21
1251 1663 1327 1697 sind
1347 1662 1474 1696 unecht
1492 1663 1579 1696 nach
1592 1661 1673 1697 Wfl.

848 1866 896 1919 Τ.
932 1865 1063 1918 LIVI

392 1958 455 1996 AB
488 1957 619 1996 VRBE
652 1957 873 1997 CONDITA
904 1957 1041 1996 unni
1071 1956 1214 1995 xxxu
1244 1956 1515 1996 PERloan.

328 2058 507 2099 Complura
534 2057 685 2100 prodigia
712 2067 752 2089 ex
778 2057 922 2090 diversis
946 2056 1143 2098 regionibus
1169 2055 1324 2088 nuntiata
1348 2055 1560 2096 referuntur,
1586 2056 1674 2089 inter

237 2112 325 2146 quae
349 2103 383 2135 in
404 2102 603 2135 Macedonia
628 2103 660 2135 in
686 2112 800 2144 puppe
822 2102 945 2143 longae
971 2102 1068 2133 navis
1087 2102 1235 2134 lauream
1258 2110 1333 2134 esse
1352 2104 1475 2134 natam.
1513 2100 1551 2135 T.
1571 2100 1676 2140 Quin-

238 2150 304 2181 tius
325 2148 534 2180 Flamininus
554 2147 673 2180 consul
696 2148 858 2180 adversus
878 2146 1073 2189 Philippum
1101 2146 1245 2179 feliciter
1270 2147 1436 2188 pugnavit
1458 2147 1494 2180 in
1519 2146 1675 2180 saucibus

238 2193 329 2236 Epiri
356 2193 578 2235 fugatumque
604 2192 716 2233 coegit
740 2192 774 2224 in
800 2202 939 2234 regnum
966 2191 1100 2224 reverti.
1148 2192 1222 2234 ipse
1247 2191 1480 2234 Thessaliam,
1505 2202 1593 2235 quae
1618 2194 1674 2225 est

197 2244 216 2273 ἔ)
243 2239 353 2272 vicina
374 2238 612 2277 Macedoniae,
646 2238 747 2270 sociis
772 2237 904 2270 Aetolis
937 2240 968 2269 et
994 2237 1240 2270 Athamanibus
1274 2236 1423 2278 vexavit,
1457 2237 1489 2270 L.
1515 2236 1676 2276 Quintius

243 2284 460 2324 Flamininus,
485 2283 588 2315 frater
613 2283 782 2322 consulis,
815 2282 924 2315 navali
952 2282 1083 2325 proelio
1108 2282 1225 2315 Attalo
1249 2292 1330 2324 rege
1354 2286 1388 2315 et
1413 2282 1554 2315 Rhodiis
1579 2282 1675 2315 adiu-

240 2330 399 2362 vantibus
420 2328 592 2362 Euboeam
615 2332 648 2361 et
669 2328 871 2361 maritimam
893 2337 996 2361 oram.
1034 2327 1161 2360 Achaei
1182 2327 1216 2359 in
1237 2327 1419 2360 amicitiam
1436 2328 1565 2370 recepti
1583 2331 1675 2361 sunt.

240 2380 431 2417 praetorum
466 2384 625 2407 numerus
658 2373 839 2416 ampliatus
865 2378 933 2412 est,
966 2376 1003 2405 ut
1035 2373 1106 2405 seni
1140 2376 1342 2406 crearentur.
1391 2373 1580 2406 coniuratio
1605 2382 1675 2406 ser-

240 2430 358 2452 vorum
385 2420 471 2451 sacta
498 2419 539 2452 de
562 2419 736 2452 solvendis
758 2417 1084 2460 Carthaginiensium
1114 2418 1293 2451 obsidibus
1317 2427 1481 2461 oppressa
1506 2422 1580 2457 est;
1605 2418 1673 2451 duo

175 2467 214 2498 10
240 2465 332 2497 milia
355 2465 532 2508 quingenti
552 2464 673 2498 necati.
711 2464 886 2496 Cornelius
904 2463 1072 2505 Cethegus
1092 2463 1211 2496 consul
1230 2463 1346 2497 Gallos
1363 2463 1521 2497 Insubres
1541 2463 1673 2506 proelio

242 2509 337 2543 fudit.
381 2519 456 2542 cum
481 2509 755 2543 Lacedaemoniis
781 2513 815 2542 et
836 2514 980 2552 tyranno
1005 2518 1122 2541 eorum
1144 2508 1274 2541 Nabide
1299 2508 1445 2541 amicitia
1471 2508 1584 2542 iuncta
1610 2511 1673 2543 est.

242 2559 413 2597 praeterea
440 2555 710 2598 expugnationes
735 2554 867 2587 urbium
894 2554 926 2586 in
952 2553 1149 2586 Macedonia
1176 2553 1376 2587 reseruntur.
