1795 2844
76 74 103 95 a.
122 67 188 96 chr.
207 76 236 94 n.
256 67 314 94 196.

578 55 707 90 LIBER
729 55 875 91 XXXIII.
924 55 1019 90 CAP.
1045 58 1100 93 29.
1478 54 1530 95 51

190 173 379 214 Efferavit
399 186 444 214 ea
474 174 612 214 caedes
634 174 846 214 Thebanos
867 173 1119 227 Boeotosque
1151 174 1279 214 omnis
1301 174 1347 215 ad
1371 187 1528 229 execra-
1553 177 1604 215 29

75 230 156 271 bile
178 231 312 272 odium
334 230 629 280 Romanorum,
660 231 857 271 credentis
880 244 960 271 non
985 232 1069 272 sine
1092 232 1259 272 consilio
1280 232 1532 286 imperatoris

74 288 244 328 Romani
266 288 535 343 Zeuxippum,
565 289 789 342 principem
811 289 961 341 gentis,
993 290 1031 329 id
1052 290 1206 330 facinus
1229 290 1442 330 conscisse.
1484 291 1531 331 ad

73 345 349 387 rebellandum
367 360 497 400 neque
513 347 615 386 vires
632 359 762 398 neque
779 346 919 386 ducem
937 346 1158 397 habebant3
1184 348 1410 401 proximum
1425 347 1530 388 hello
1564 356 1582 388 2

75 404 182 457 quod
204 410 300 451 erat,
323 404 363 444 in
386 404 641 445 latrocinium
663 404 763 444 versi
785 403 883 443 alios
904 404 945 443 in
967 405 1164 458 hospitiis,
1195 405 1294 446 alios
1313 418 1433 458 vagos
1455 419 1530 459 per

71 461 240 502 hiberna
259 462 407 502 milites
436 462 484 502 ad
505 462 633 502 varios
655 462 914 502 commeantis
941 475 1038 502 usus
1068 463 1330 516 excipiebant.
1373 464 1532 517 quidam
1562 475 1580 505 3

70 519 113 559 in
135 519 233 573 ipsis
254 519 465 560 itineribus
487 520 534 560 ad
556 525 670 559 notas
690 519 862 559 latebras
883 519 931 559 ab
954 519 1255 569 insidiantibus,
1286 534 1378 574 pars
1400 522 1441 561 in
1463 522 1530 562 de-

72 584 177 617 serta
198 590 271 630 per
299 578 479 617 fraudem
509 578 732 617 deversoria
755 577 913 617 deducti
945 578 1295 631 opprimebantur-3
1328 585 1530 632 postremo
1563 590 1581 621 4

72 646 155 674 non
177 641 333 675 tantum
364 635 412 674 ab
436 634 526 675 odio
549 635 617 675 sed
648 635 764 675 etiam
786 634 966 675 aviditate
987 636 1156 688 praedae
1187 649 1230 676 ea
1252 636 1429 676 facinora
1459 638 1529 677 fie—

71 691 182 742 bant,
205 692 297 745 quia
318 692 548 745 negotiandi
564 693 689 732 ferme
712 705 828 733 causa
849 700 1058 744 argentum
1080 694 1121 733 in
1144 694 1254 733 zonis
1275 694 1467 734 habentes
1488 695 1528 735 in

74 749 360 790 commeatibus
385 756 509 790 erant.
556 763 646 790 cum
664 751 792 803 primo
818 750 948 803 pauci,
979 751 1121 790 deinde
1143 751 1184 790 in
1207 751 1290 790 dies
1307 751 1441 804 plures
1462 753 1530 792 de·
1562 763 1581 794 5

71 807 354 856 siderarentur,
377 807 534 848 infamis
557 821 642 848 esse
658 808 822 848 Boeotia
847 808 977 848 omnis
994 809 1141 862 coepit,
1165 817 1203 848 et
1218 809 1395 849 timidius
1413 823 1530 863 quam

69 865 112 905 in
133 865 286 905 hostico
320 866 453 916 egredi
476 866 614 906 castris
644 866 770 906 miles.
822 872 905 905 tum
929 865 1139 912 Quinctius
1168 866 1320 918 legatos
1341 868 1387 907 ad
1412 881 1532 920 quae-
1562 877 1581 908 6

72 923 243 963 rendum
272 923 320 963 de
341 922 562 963 latrociniis
583 936 655 977 per
678 924 855 964 civitates
875 924 1008 964 mittit.
1049 924 1245 976 plurimae
1268 926 1405 965 caedes
1427 926 1531 966 circa

68 1024 124 1058 die
156 1035 198 1058 zu
239 1023 300 1058 der
330 1024 526 1058 romischen
559 1024 671 1059 Partei
709 1035 767 1068 ge-

68 1070 211 1110 hfirtem
248 1081 274 1104 S.
301 1069 396 1104 POL:
429 1065 452 1103 ἃ
481 1071 709 1118 συνορῶντες
733 1069 770 1104 οἱ

69 1119 156 1162 περὶ
192 1113 260 1149 τὸν
294 1114 511 1156 Ζεύξιππον
547 1118 608 1149 καὶ
641 1119 767 1150 Πεισί-

69 1172 233 1208 στρατον
257 1165 319 1195 καὶ
344 1162 481 1197 πάντες
514 1161 551 1195 Οἱ
573 1159 768 1196 δοκοῦντες

69 1207 165 1242 εἶναι
200 1204 396 1252 Ῥωμαίων
443 1206 540 1253 φίλοι
587 1205 768 1254 δυσχερῶς

65 1255 210 1301 ἔφερον.

113 1299 199 1336 29.*
237 1303 266 1334 1.
308 1299 493 1333 Thebanos
528 1300 763 1343 Boeotosque]

67 1357 94 1380 s.
113 1348 169 1389 35,
184 1348 240 1388 34,
256 1348 291 1386 1;
306 1348 362 1387 45,
377 1347 433 1388 38,
447 1349 478 1380 5.
493 1366 538 1370 -
553 1347 601 1379 ad
616 1358 764 1380 cuz-ecra-

66 1393 135 1426 bile
147 1418 155 1426 .
168 1394 189 1433 .]
203 1392 259 1426 die
272 1391 537 1435 Verwilderung
550 1393 646 1426 hatte
661 1418 669 1426 .
681 1418 688 1426 .
703 1404 764 1426 zur

66 1439 185 1482 Folge.
215 1437 282 1471 Der
294 1437 376 1472 Hass
390 1437 530 1472 dauerte
545 1439 632 1472 auch
647 1440 763 1483 spater

67 1485 154 1524 fort;
168 1494 196 1518 S.
223 1485 277 1525 35,
295 1486 350 1525 47,
372 1486 410 1523 3;
438 1486 492 1526 36,
511 1487 542 1525 6,
564 1488 592 1518 1.
618 1505 663 1509 —
687 1496 760 1518 non

65 1533 144 1564 sine
161 1531 311 1564 consilio
327 1557 334 1564 .
349 1530 370 1572 .]
389 1530 461 1565 Liv.
479 1530 616 1564 mildert
633 1541 684 1571 so,
702 1541 760 1564 um

67 1576 248 1616 Quinctius
273 1587 317 1610 zu
350 1576 522 1618 schonen,
556 1587 630 1610 was
654 1576 759 1621 Poly-

64 1623 144 1657 bios
167 1622 346 1656 bestimmt
363 1622 575 1665 ausspricht:
602 1619 620 1655 ὁ
641 1620 682 1656 δὲ
705 1625 736 1655 T
732 1625 758 1655 ι’-

65 1680 128 1703 τος
158 1668 278 1702 ταῦτα
313 1668 392 1710 (den
416 1667 521 1709 Plan,
556 1667 760 1713 Brachylles

66 1725 110 1748 zu
130 1714 328 1757 ermorden)
349 1711 543 1748 διακούσας
562 1710 674 1748 atras
693 1716 762 1758 μὲν

67 1755 132 1794 οὐκ
164 1761 234 1805 ἔφη
265 1762 460 1793 κοινωνεῖν
497 1760 559 1800 τῆς
594 1758 762 1806 πράξεως

65 1803 212 1849 ταύτης,
232 1804 315 1839 τοὺς
329 1802 368 1838 δὲ
387 1803 630 1849 βουλομένους
646 1804 760 1852 πράτ-

66 1864 146 1886 τειν
171 1849 210 1886 (η’
236 1849 411 1885 κωλύειν·
444 1850 610 1885 καθόλου
636 1849 676 1885 δὲ
701 1850 760 1885 λα-

67 1895 144 1932 λεῖν
169 1894 300 1931 αὐτοὺς
332 1895 470 1931 ἐκέλευε
502 1900 587 1943 περὶ
615 1896 761 1932 τούτων

62 1941 295 1988 Ἀλεξαμενῷ
342 1944 397 1987 τῷ
444 1943 524 1977 τῶν
570 1943 760 1977 Αἰτωλῶν

68 1989 263 2036 στρατηγῷ
278 2015 286 2023 .
303 2016 310 2025 .
330 2009 375 2014 -
392 1990 635 2033 Zenoeippam,
656 1993 761 2034 prin-

67 2039 181 2080 cipem
193 2037 326 2079 gentis]
341 2047 379 2069 so
394 2036 598 2070 bezeichnet
615 2037 674 2070 ihn
686 2036 759 2071 Liv.

65 2093 136 2116 von
153 2083 285 2116 seinem
304 2081 548 2125 Standpunkte
574 2093 653 2122 aus;
681 2083 759 2116 dem

66 2128 280 2172 Brachylles,
305 2128 464 2162 welchen
482 2139 518 2162 er
540 2130 593 2169 27,
613 2131 632 2163 8
652 2140 760 2171 quen-

67 2175 151 2208 dam
181 2177 306 2215 nennt,
340 2174 460 2208 wurde
492 2185 528 2208 er
554 2175 759 2208 schwerlich

68 2220 182 2254 dieses
200 2219 365 2253 Pradikat
390 2221 547 2264 gegeben
573 2221 695 2254 haben.
713 2241 760 2245 —

67 2267 116 2300 ad
138 2266 384 2300 rebellandum
413 2293 420 2299 .
444 2296 452 2303 ,
477 2269 691 2309 proximum
712 2269 755 2308 ..]

67 2312 123 2346 die
136 2312 262 2346 beiden
276 2311 373 2346 Teile
391 2311 451 2346 des
467 2312 650 2347 Schlusses
669 2313 758 2346 ohne

67 2357 124 2391 die
137 2358 199 2392 das
212 2358 367 2401 logische
381 2358 579 2392 Verhaltnis
597 2359 756 2393 bezeich-

68 2403 204 2437 nenden
227 2403 420 2438 Partikeln.

114 2450 146 2482 2.
166 2452 379 2493 Ρνοωίπιαπι
398 2475 408 2484 .
431 2453 452 2492 .]
482 2451 754 2494 vorangestellte

67 2494 271 2540 Erklarung,
300 2497 368 2530 wie
394 2501 492 2530 sonst
516 2497 558 2529 id
581 2498 687 2540 quod,
712 2508 755 2530 an

70 2540 125 2574 die
163 2541 236 2575 sich
270 2543 311 2575 in
349 2542 583 2576 latrocinium
620 2553 659 2577 so
697 2553 755 2576 an-

839 1025 1006 1062 schliesst,
1033 1025 1093 1069 alsu
1103 1026 1146 1058 ob
1166 1028 1204 1059 e'n
1223 1027 1271 1068 id,
1298 1028 1394 1069 quod
1408 1053 1416 1060 .
1431 1053 1438 1061 .
1453 1038 1530 1061 vor-

839 1072 1017 1114 ausginge.
1072 1071 1165 1105 Uber
1194 1072 1250 1106 die
1279 1071 1529 1117 Nachstellung

839 1117 901 1151 des
927 1117 1083 1151 Relativs
1109 1128 1136 1151 s.
1155 1120 1210 1161 27,
1227 1121 1257 1160 8,
1284 1121 1336 1153 16.
1353 1139 1399 1143 —
1418 1121 1530 1153 latro·

837 1165 985 1204 oinium]
1012 1174 1038 1197 s.
1064 1174 1107 1197 zu
1134 1166 1165 1205 2,
1183 1167 1239 1207 48,
1258 1168 1291 1199 5.
1316 1185 1360 1190 —-
1386 1168 1483 1206 usas]
1502 1176 1530 1199 s.

838 1213 870 1251 7,
897 1212 950 1251 39,
971 1213 1009 1248 ὃς
1037 1211 1165 1253 22,12,
1193 1213 1230 1250 8;
1251 1213 1306 1253 34,
1325 1214 1356 1253 6,
1386 1214 1425 1245 13
1441 1222 1526 1251 u.a.;

837 1255 908 1298 vgl.
925 1257 979 1297 32,
995 1257 1024 1289 2.
1040 1257 1076 1293 3;
1104 1255 1184 1290 Tac.
1201 1256 1287 1290 Hist.
1310 1260 1338 1299 1,
1353 1259 1414 1292 46:
1436 1269 1528 1301 pars

835 1302 1016 1344 manipuli
1035 1313 1163 1344 sparsa
1187 1314 1255 1346 per
1274 1307 1528 1338 commeatus..

831 1359 898 1391 pel·
923 1349 1119 1381 latrocinia
1146 1354 1179 1381 et
1214 1352 1344 1392 raptas
1369 1354 1434 1382 aut
1457 1362 1530 1383 ser·

830 1394 962 1426 vilibus
987 1397 1158 1436 negotiis.

876 1444 908 1473 4.
934 1440 1125 1482 aviditate]
1166 1441 1255 1474 ohne
1281 1441 1527 1475 wiederholtes

832 1488 897 1524 ab3
931 1496 957 1519 s.
985 1488 1039 1528 37,
1068 1489 1098 1529 7,
1127 1489 1187 1521 16:
1221 1498 1293 1520 non
1323 1499 1389 1530 per
1414 1488 1530 1521 Mace-

833 1533 978 1565 doniam
990 1533 1096 1565 modo
1109 1533 1173 1566 sed
1189 1535 1297 1566 etiam
1317 1533 1347 1566 Τ
1346 1535 1526 1573 bracium

831 1578 901 1621 vgl.
917 1581 948 1619 3,
963 1581 994 1619 6,
1010 1581 1041 1612 8.
1059 1598 1103 1603 —
1120 1580 1347 1622 negotiandi]
1363 1580 1422 1614 der
1434 1580 1525 1614 Han-

834 1624 889 1657 del
925 1624 984 1658 der
1016 1624 1183 1659 Soldaten
1223 1626 1311 1664 (dass
1351 1627 1400 1660 sie
1425 1628 1525 1670 {etwa

833 1670 887 1703 fiir
906 1670 967 1704 das
985 1670 1073 1704 Heer
1086 1671 1256 1705 Einkiiufe
1275 1673 1434 1716 gemacht
1452 1673 1527 1705 h'at-

833 1721 910 1757 ten,
943 1717 988 1750 ist
1013 1717 1109 1750 nicht
1134 1718 1356 1761 angedeutet)
1381 1718 1467 1751 wird
1494 1721 1526 1759 5,

833 1764 865 1804 8,
891 1765 927 1796 3:
961 1763 1124 1795 [Avarum
1156 1766 1195 1796 ‘in
1229 1765 1373 1796 modum
1405 1775 1526 1797 omnes

833 1809 989 1850 (milites)
1008 1820 1077 1851 per
1102 1820 1213 1851 agros
1239 1813 1447 1853 vicinasque
1463 1821 1525 1842 m·-

833 1856 890 1886 bes
922 1856 1208 1897 negotiabantur
1242 1856 1292 1889 als
1325 1856 1523 1900 unpassend

832 1900 1037 1933 bezeichnet
1062 1901 1131 1934 und
1156 1912 1228 1935 war
1245 1907 1345 1935 unter
1362 1902 1429 1936 den
1447 1904 1524 1946 spa-

832 1951 929 1979 teren
955 1946 1098 1980 Kaisern
1123 1948 1306 1986 verbotem
1340 1949 1410 1991 vgl.
1435 1948 1523 1981 Pau-

833 1993 886 2025 lus
905 1992 946 2025 ad
961 1992 1110 2026 Timoth.
1124 1993 1151 2026 11
1172 1996 1203 2035 2,
1217 1997 1256 2028 4:
1283 1990 1398 2028 οὐδεὶς
1414 2006 1524 2038 στρα-

831 2034 1022 2081 τευόμενος
1035 2037 1256 2083 ἐμπλέκεται
1268 2043 1348 2074 ταῖς
1360 2040 1425 2074 τοῦ
1439 2043 1520 2083 βίον

830 2088 1107 2130 πραγματείαις.

878 2133 908 2164 5.
935 2133 973 2163 in
999 2132 1150 2172 hostico]
1170 2142 1196 2165 S.
1216 2135 1248 2173 6,
1269 2134 1322 2173 31,
1338 2135 1369 2167 ’7.
1394 2152 1439 2156 -
1464 2144 1522 2165 ιά-

829 2177 925 2218 stris]
944 2177 989 2210 ist
1008 2187 1048 2210 so
1062 2182 1195 2221 gesagt,
1215 2178 1265 2211 als
1281 2178 1325 2212 ob
1339 2177 1400 2211 das
1413 2178 1521 2221 Lagei·

829 2223 863 2255 in
882 2222 1029 2256 Bootien
1052 2233 1215 2266 gewesen
1233 2225 1337 2264 ware,
1364 2223 1405 2256 da
1424 2227 1521 2256 sonst

830 2267 885 2301 die
901 2268 1058 2302 dasselbe
1073 2269 1328 2303 Verlassenden
1342 2269 1448 2303 leicht
1462 2280 1520 2302 an-

830 2314 910 2347 dere
948 2314 1133 2358 Gegenden
1173 2316 1293 2349 hatten
1331 2315 1519 2349 aufsuchen

829 2359 986 2399 konnem
1013 2361 1083 2404 vgl.
1111 2362 1131 2404 ξ
1159 2363 1197 2400 9;
1224 2363 1280 2403 27,
1305 2363 1336 2394 5.

875 2409 904 2439 6.
931 2407 980 2439 ad
1011 2407 1271 2449 quaerendum]
1303 2403 1374 2440 ‘um
1405 2406 1520 2441 Nach-

828 2451 1059 2495 sorschungen
1093 2450 1338 2492 anzustellen';
1373 2452 1427 2487 die
1452 2453 1518 2487 Re-

828 2498 954 2531 sultate
980 2498 1161 2532 derselhen
1195 2499 1333 2533 werden
1368 2499 1414 2532 im
1454 2499 1519 2532 fol-

830 2543 965 2587 genden
1002 2544 1181 2579 berichtet.
1219 2565 1264 2569 —
1299 2545 1434 2586 caedes]
1472 2546 1518 2579 im

1268 2602 1312 2636 4*
