1747 2828
145 196 231 246 ὅδ’

167 385 185 415 2

169 498 187 528 3

170 612 188 642 4

173 724 190 754 5

179 1179 197 1190 ,-

179 1234 196 1266 S

181 1351 199 1379 {l

215 89 293 127 176
670 85 795 119 LIBER
818 84 977 118 XXXlllI.
1026 83 1119 116 CAP.
1145 84 1197 116 58.

1461 100 1486 119 a.
1501 100 1529 119 u.
1549 99 1574 119 c.
1592 91 1652 118 561.

333 206 388 244 Ad
413 216 454 243 ea
481 202 706 248 Quinctius:
725 197 737 212 ⁶
754 201 939 253 quoniam
961 199 1070 238 vobis
1091 198 1272 237 distincte
1287 209 1402 248 agere
1418 198 1512 237 libet
1535 205 1571 236 et
1587 211 1655 250 ge-

218 276 308 302 nera
331 261 616 312 iungendarum
638 259 894 297 amicitiarum
914 268 1160 303 enumerare,
1183 267 1255 306 ego
1273 267 1431 306 quoque
1448 255 1543 294 duas
1560 268 1656 296 con-

218 319 394 358 diciones
416 329 559 369 ponam
574 346 583 361 ,
619 322 725 354 extra
747 327 843 366 quas
864 314 1011 353 nullam
1044 325 1128 351 esse
1149 312 1231 363 regi
1256 311 1443 351 nuntietis
1463 312 1656 353 amicitiae

216 388 303 416 cum
326 374 474 427 populo
496 373 673 412 Romano
696 371 929 422 iungendae,
951 382 1083 416 unam,
1106 369 1137 408 si
1160 381 1233 407 nos
1255 368 1365 417 nihil,
1394 369 1497 420 quod
1519 371 1564 409 ad
1590 383 1656 409 ur-

218 433 286 471 bes
308 432 420 471 Asiae
442 431 594 476 attinet,
618 441 755 468 curare
777 428 879 475 velit,
901 434 943 466 ut
966 433 1001 465 et
1023 426 1107 478 ipse
1129 426 1236 464 omni
1259 425 1418 477 Europa
1439 425 1656 476 abstineat3

218 490 391 535 alteram,
413 488 444 527 si
468 499 508 525 se
530 486 595 525 ille
613 487 724 524 Asiae
740 485 887 524 finibus
909 496 988 523 non
1008 483 1207 522 contineat
1221 489 1258 521 et
1276 482 1316 521 in
1335 482 1533 534 Europam
1550 490 1657 523 tran—

220 546 391 590 scendat,
414 551 456 583 ut
479 551 512 582 et
535 543 723 582 Romanis
744 543 804 581 ius
825 541 874 580 sit
895 541 1007 580 Asiae
1029 539 1242 578 civitatium
1274 539 1462 579 amicitias
1485 547 1521 579 et
1543 541 1659 590 tueri,

222 615 316 654 quas
337 602 518 645 habeant,
541 607 580 639 et
603 612 720 639 novas
741 592 974 650 complecti.²
1016 596 1212 635 enimvero
1236 596 1273 635 id
1306 597 1438 635 auditu
1462 597 1579 636 etiam
1601 598 1661 637 di-

221 672 309 698 cere
332 659 536 708 indignum
560 669 644 695 esse
666 656 929 707 Hegesianax,
960 653 1148 692 Thraciae
1180 660 1217 691 et
1238 652 1473 692 Chersonesi
1495 653 1662 694 urbibus

221 716 342 756 arceri
366 715 616 758 Antiochum,
646 726 744 759 cum,
771 725 870 765 quae
896 710 1097 755 Seleucus,
1121 722 1290 761 proavus
1312 711 1409 758 eius,
1431 710 1661 763 Lysimacho

223 785 315 824 rege
330 772 432 811 bello
450 772 551 810 victo
569 777 605 809 et
627 770 666 809 in
686 770 768 809 acie
784 781 896 809 caeso
915 780 985 820 per
1007 778 1204 806 summum
1227 767 1346 806 decus
1369 774 1475 819 parta
1492 767 1665 819 relique-

224 830 286 875 rit,
304 829 387 881 pari
407 841 496 868 cum
514 828 627 866 laude
645 828 776 866 eadem
795 826 841 864 ab
858 823 1074 863 Thracibus
1091 835 1283 875 possessa,
1306 824 1445 875 partim
1469 825 1586 864 armis
1603 837 1664 864 re-

226 887 375 938 ceperit
390 886 620 931 Antiochus,
640 884 780 936 partim
798 884 963 927 deserta,
981 880 1078 919 sicut
1096 880 1219 931 ipsam
1231 880 1529 932 Lysimachiam,
1548 889 1585 921 et
1601 894 1666 922 re-

226 944 370 982 vocatis
393 941 612 981 cultoribus
633 938 937 992 frequentaverit
959 944 1016 983 et,
1049 949 1147 988 quae
1169 943 1288 976 strata
1318 938 1446 976 ruinis
1467 945 1583 990 atque
1605 940 1666 979 in-

229 1000 376 1039 cendiis
392 1006 516 1045 erant,
540 998 769 1048 ingentibus
785 994 974 1048 impensis
989 993 1260 1032 aedificaverit.
1294 995 1385 1046 quid
1403 995 1525 1046 igitur
1541 995 1668 1035 simile

228 1069 311 1096 esse
343 1069 388 1095 ex
420 1069 461 1095 ea
485 1055 756 1107 possessione,
786 1054 836 1092 ita
859 1059 990 1103 parta,
1024 1050 1074 1088 ita
1095 1056 1346 1102 recuperata,
1368 1051 1505 1091 deduci
1528 1053 1668 1092 Antio-

230 1114 360 1159 chum,
385 1120 421 1152 et
445 1112 642 1151 Romanos
662 1111 859 1150 abstinere
881 1108 983 1153 Asia,
1008 1118 1106 1158 quae
1128 1119 1341 1159 numquam
1366 1117 1500 1147 eorum
1523 1109 1670 1149 fuerit?

227 1170 436 1210 amicitiam
460 1174 644 1220 expetere
666 1168 934 1206 Romanorum
957 1163 1196 1202 Antiochum
1213 1194 1223 1210 ,
1255 1165 1322 1204 sed
1345 1177 1444 1216 quae
1465 1165 1670 1218 impetrata

227 1227 372 1278 gloriae
394 1226 480 1272 sibi,
506 1238 583 1264 non
607 1225 748 1277 pudori
770 1225 831 1263 sit.
873 1222 919 1261 ad
941 1221 1036 1259 haec
1058 1219 1266 1264 Quinctius
1283 1216 1296 1232 ⁶
1311 1223 1465 1273 quando
1488 1219 1666 1274 quidem'

230 1284 359 1335 inquit
377 1279 388 1293 ⁶
404 1284 567 1322 honesta
590 1294 813 1334 pensamus,
844 1281 946 1319 sicut
967 1284 1033 1316 aut
1054 1276 1133 1315 sola
1156 1284 1223 1316 aut
1243 1278 1368 1331 prima
1391 1286 1494 1319 certe
1515 1282 1671 1333 pensari

231 1342 341 1380 decet
357 1339 526 1392 principi
545 1339 652 1377 orbis
668 1345 859 1378 terrarum
882 1333 1030 1389 populo
1053 1340 1090 1372 et
1110 1340 1219 1374 tanto
1241 1335 1338 1386 regi,
1360 1343 1491 1375 utrum
1514 1338 1672 1378 tandem

232 1418 355 1451 vorher
380 1418 511 1449 sociale
536 1416 679 1455 foedae,
713 1417 758 1448 im
784 1415 915 1457 Gegen-

232 1468 324 1496 satze
356 1473 397 1494 zu
427 1473 524 1504 pam,
558 1462 615 1494 der
648 1461 787 1493 diktiert
821 1460 915 1492 wird.

234 1507 527 1541 Walirscheinlich
560 1507 670 1539 haben
700 1506 825 1539 Diodor
849 1505 917 1538 und

233 1554 366 1596 Appian
392 1553 458 1585 wie
484 1553 554 1585 Liv.
581 1562 640 1584 aus
671 1551 835 1594 Polyhios
862 1560 918 1592 ge-

234 1598 381 1640 schopft,
400 1599 480 1630 aber
507 1598 600 1630 nicht
618 1597 677 1629 das
695 1597 919 1639 Allgemeine,

235 1644 381 1677 sondern
408 1653 468 1675 nur
494 1643 554 1675 das
579 1643 600 1685 ξ
624 1645 664 1675 10
690 1642 759 1675 und
786 1644 822 1674 11
853 1641 920 1674 und

234 1689 317 1732 Kap.
344 1690 386 1721 28
421 1688 621 1730 angesiibrte
656 1687 816 1720 Einzelne
849 1686 921 1719 aus-

238 1744 451 1777 genommen.

279 1780 339 1814 58.
368 1782 395 1812 l.
430 1781 613 1821 quoniam]
643 1778 712 1820 vgl.
745 1780 764 1819 ξ
791 1780 830 1815 S:
867 1779 921 1817 21,

238 1828 289 1861 18,
316 1827 346 1857 8.
373 1844 416 1848 —
443 1823 626 1867 distincte]
662 1824 852 1866 Gegensatz
880 1833 921 1855 zu

235 1871 419 1913 parmate:
447 1880 473 1902 S.
491 1873 543 1909 57,
559 1872 591 1902 6.
608 1889 652 1893 —
671 1871 821 1912 quoque]
841 1869 921 1901 hebt

238 1926 299 1949 nur
325 1915 384 1948 das
411 1915 542 1957 gleiche
568 1914 763 1948 Verhaltnis
789 1915 920 1953 hervor,

238 1960 387 1994 insosern
423 1961 509 1993 auch
543 1971 578 1993 er
610 1961 762 1993 mehrere
787 1959 921 1992 Punkte

238 2006 412 2048 (obgleich
450 2006 709 2039 verschiedener
745 2006 818 2043 Art)
852 2005 924 2037 aus-

240 2052 343 2084 stellt.
375 2070 419 2074 —
451 2052 677 2084 condz'm‘ones
700 2076 707 2083 .
723 2076 730 2083 .
749 2053 870 2091 mmm]
896 2061 922 2083 s.

242 2098 294 2136 32,
321 2098 373 2136 33,
401 2098 431 2129 9.

288 2144 318 2176 2.
345 2145 385 2173 ut
409 2145 441 2173 ec
466 2143 538 2183 ipse
554 2168 561 2173 .
577 2143 597 2180 .]
633 2141 686 2173 fiir
710 2141 826 2174 diesen
854 2140 924 2173 Fall

242 2187 377 2220 werden
398 2187 470 2219 also
489 2187 542 2219 die
557 2187 790 2228 griechischen
807 2186 924 2219 Stadte

242 2233 274 2264 in
302 2233 405 2265 Asien
432 2242 498 2265 von
525 2231 610 2264 Rom
637 2232 862 2275 ausgegeben.
882 2251 924 2255 —

241 2280 363 2317 voi-as]
396 2277 531 2310 bezieht
566 2277 636 2309 sich
673 2277 734 2310 aus
768 2277 832 2310 den
864 2277 927 2310 Ge-

243 2322 458 2365 samtbegriff
492 2324 693 2355 civitatium
731 2324 926 2360 amicitiam

243 2368 312 2410 vgl.
339 2370 391 2403 21,
423 2370 472 2408 19,
499 2370 529 2402 5.

289 2416 320 2446 4.
337 2416 513 2445 enimvero
526 2438 533 2446 .
548 2416 604 2453 .]S.
619 2424 659 2445 zu
671 2414 725 2453 24,
737 2415 789 2452 31,
806 2416 816 2445 1
833 2427 839 2451 ς
858 2413 927 2455 vgl.

246 2460 299 2492 31.
319 2461 377 2498 30,
399 2461 430 2491 4.
450 2479 495 2482 -—
518 2459 658 2499 auditu]
674 2470 699 2491 s.
715 2460 745 2497 6,
765 2460 864 2495 321.
886 2477 928 2481 —

252 2503 422 2535 Thraciae
433 2507 466 2535 et
479 2504 693 2544 Chersonesi]
702 2514 727 2536 S.
739 2506 792 2541 33,
802 2505 884 2545 38,4
895 2503 927 2535 ff.

293 2551 323 2581 5.
342 2548 526 2592 Sela-nens]
547 2549 684 2581 Nicator
709 2551 729 2589 †
747 2551 828 2587 2Sl;
856 2549 931 2582 des-

988 1420 1046 1442 sen
1074 1409 1166 1444 Sohn
1202 1423 1273 1445 war
1303 1413 1492 1447 Antiochus
1529 1413 1629 1448 Soter
1653 1418 1674 1457 †

988 1457 1072 1494 261,
1104 1458 1176 1490 sein
1202 1457 1310 1491 Enkel
1335 1458 1526 1493 Antiochus
1560 1459 1674 1495 Theos

988 1502 1008 1540 †
1042 1501 1123 1540 2463
1161 1513 1226 1535 von
1260 1503 1388 1536 diesem
1421 1509 1580 1539 stammte
1614 1506 1674 1540 Se-

988 1545 1106 1578 leucus
1144 1548 1348 1589 Callinicus,
1383 1549 1441 1582 der
1476 1550 1579 1584 Vater
1615 1552 1675 1585 des

989 1594 1198 1632 Antiochus;
1233 1594 1306 1628 also
1331 1595 1376 1628 ist
1398 1606 1556 1638 proavus
1581 1598 1676 1630 nicht

992 1652 1112 1686 genau,
1139 1639 1179 1672 da
1205 1640 1372 1673 vielmehr
1397 1642 1548 1683 abavus,
1574 1642 1676 1676 Urur-

991 1687 1194 1731 grossvater,
1218 1696 1260 1717 zu
1286 1695 1390 1728 sagen
1417 1697 1503 1725 war,
1539 1688 1608 1730 vgl.
1634 1699 1677 1721 zu

991 1737 1022 1773 4,
1038 1734 1092 1769 48,
1108 1734 1145 1768 6;
1161 1730 1295 1773 Appian
1312 1736 1390 1774 sagt
1403 1742 1481 1765 nur:
1506 1735 1567 1765 καὶ
1583 1729 1677 1777 Θρᾴ-

991 1791 1057 1820 κην
1083 1775 1147 1809 ἐᾶν
1174 1773 1228 1808 δεῖ
1250 1776 1330 1810 τῶν
1354 1774 1550 1822 προγόνων
1564 1775 1677 1812 αὐτοῦ

990 1824 1199 1870 γενομένην.
1226 1841 1271 1846 -
1295 1822 1511 1865 Lysimacho
1525 1848 1533 1856 .
1549 1850 1556 1857 .
1571 1825 1676 1865 victo]

993 1880 1018 1903 s.
1046 1871 1099 1910 33,
1124 1870 1185 1908 40,
1211 1870 1243 1901 4.
1268 1887 1312 1891 -—
1335 1870 1412 1910 per]
1446 1878 1472 1902 s.
1497 1871 1550 1911 51,
1578 1872 1608 1903 5.
1634 1888 1677 1894 —

988 1917 1076 1958 pari
1101 1924 1179 1945 cum
1198 1913 1316 1953 laude]
1334 1913 1379 1946 ist
1396 1913 1457 1946 mit
1474 1913 1679 1948 Nachdruck

992 1958 1258 2001 vorangestellt;
1294 1969 1355 1991 zur
1387 1958 1495 1992 Sache
1527 1960 1597 2003 vgl.
1625 1962 1678 2001 33,

993 2008 1048 2045 38,
1071 2006 1122 2037 10.
1139 2023 1186 2028 -
1199 2015 1358 2047 possessa
1378 2005 1552 2046 partim]*
1569 2024 1614 2029 —
1626 2017 1681 2038 re-

994 2049 1162 2093 ceperitJ*
1192 2069 1236 2073 —
1267 2051 1385 2090 erant]
1415 2060 1442 2083 s.
1468 2052 1527 2091 62,
1562 2053 1620 2090 133
1647 2053 1679 2091 2,

997 2099 1049 2137 15,
1075 2098 1105 2129 3.

1040 2143 1071 2174 6.
1096 2141 1223 2180 simile]
1248 2149 1275 2172 s,
1305 2141 1366 2179 28,
1392 2141 1446 2181 42,
1473 2141 1509 2178 3;
1544 2143 1598 2181 35,
1628 2144 1679 2183 16,

996 2189 1032 2220 8:
1060 2186 1147 2228 qm‘d
1162 2185 1278 2217 simile
1295 2186 1409 2218 habet.
1434 2204 1478 2208 —
1505 2188 1539 2217 et
1554 2185 1682 2219 Roma-

996 2233 1114 2272 7lOS..]
1156 2231 1210 2263 die
1256 2229 1377 2263 beiden
1414 2231 1680 2265 verschiedenen

996 2277 1123 2319 Dirige,
1156 2286 1198 2309 zu
1224 2275 1333 2308 denen
1359 2276 1448 2317 quid
1469 2277 1584 2309 simile
1610 2289 1682 2310 esse

998 2323 1174 2365 negatives
1201 2320 1360 2353 Pr'adikat
1384 2321 1440 2361 ist,
1466 2321 1542 2355 sind
1566 2323 1684 2356 einan-

998 2368 1057 2401 der
1083 2366 1188 2399 durch
1213 2369 1248 2397 et
1272 2365 1536 2408 gleichgestellt.

1045 2415 1075 2447 8,
1088 2411 1247 2455 pensari]
1267 2421 1376 2454 gegen
1391 2412 1551 2445 einander
1567 2414 1683 2446 abwfi-

1000 2468 1076 2501 gen,
1101 2458 1146 2490 ist
1164 2457 1227 2489 mit
1240 2457 1374 2499 populo
1389 2482 1397 2489 .
1413 2483 1421 2491 .
1435 2460 1516 2499 regi
1527 2474 1571 2485 =
1584 2469 1606 2491 a
1617 2469 1684 2502 po-

995 2504 1105 2546 pulo.
1126 2513 1168 2535 .a
1193 2512 1278 2544 rege
1303 2512 1343 2534 zu
1368 2502 1572 2542 verbinden;
1598 2514 1623 2538 s.
1649 2506 1682 2543 9,

1001 2552 1056 2590 36,
1085 2551 1119 2583 1:
1145 2549 1198 2587 22,
1225 2550 1278 2587 34,
1306 2549 1335 2580 s.
