1795 2844
557 107 681 142 LIBER
705 108 822 142 xxxi.
873 108 967 142 CAP.
993 110 1046 144 24.
1476 105 1528 144 45

86 132 112 151 a.
130 123 197 151 Chr.
217 129 245 148 n.
264 123 322 149 200.

88 239 174 268 eam
196 233 385 278 extraque
408 226 505 266 latae
526 225 608 264 viae
624 230 729 269 suut,
752 231 794 263 ut
811 230 849 263 et
866 224 1051 276 oppidani
1069 224 1248 275 derigere
1266 223 1387 262 aciem
1405 236 1424 261 a
1444 224 1529 262 foro

89 286 137 325 ad
158 290 313 337 portam
335 289 519 336 possent,
550 289 588 322 et
610 288 715 321 extra
738 281 849 321 limes
870 282 974 320 mille
997 282 1118 319 ferme
1140 293 1278 333 passus
1300 281 1465 332 longus,
1490 281 1529 319 in

89 342 320 382 Academiae
341 340 589 394 gymnasium
612 340 764 385 ferens,
795 338 917 389 pediti
947 338 1147 389 equitique
1169 337 1341 377 hostium
1363 338 1530 377 liberum

89 399 258 452 spatium
286 398 509 451 praeberet.
551 410 597 437 eo
626 397 749 436 limite
781 395 1043 435 Athenienses
1069 408 1159 434 cum
1190 396 1305 434 Attali
1337 395 1532 447 praesidio
1566 401 1601 433 10

91 464 127 497 et
151 456 314 496 cohorte
337 455 519 507 Dioxippi
541 455 622 494 acie
645 454 747 493 intra
768 460 923 505 portam
942 453 1134 491 instructa
1157 453 1269 503 signa
1291 453 1531 492 extulerunt.

90 514 196 566 quod
218 513 286 552 ubi
301 513 506 565 Philippus
522 512 627 557 vidit,
647 511 794 550 habere
816 523 857 549 se
879 510 1001 549 hostis
1017 510 1055 547 in
1076 516 1268 560 potestate
1284 517 1392 549 ratus
1414 516 1451 549 et
1468 510 1534 549 diu
1567 514 1601 547 11

91 577 223 624 optata
246 571 362 610 caede
385 593 439 598 —-
468 582 598 621 neque
629 568 733 607 enim
765 568 832 606 ulli
854 567 1090 606 Graecarum
1119 567 1331 606 civitatium
1354 567 1534 607 infestior

91 635 176 668 erat
198 651 247 656 —
270 630 372 668 iram
394 627 657 678 expleturum,
682 625 912 664 cohortatus
934 624 1088 670 milites,
1110 631 1151 662 ut
1175 637 1215 663 se
1237 625 1437 664 intuentes
1460 638 1533 676 pu-

91 691 262 737 gnarent
277 685 507 735 scirentque
523 683 576 722 ibi
597 683 721 735 signa,
740 682 792 721 ibi
814 682 937 721 aciem
959 694 1044 721 esse
1061 681 1218 723 debere.
1242 681 1309 720 ubi
1331 694 1400 720 rex
1422 689 1535 729 esset,
1568 687 1605 719 12

92 742 265 783 concitat
282 754 395 781 ecum
408 755 489 781 non
502 742 735 786 iratantum,
752 740 819 780 sed
832 739 946 778 etiam
962 738 1085 790 gloria
1103 739 1240 785 elatus,
1260 739 1364 789 quod
1385 739 1537 790 ingenti
1568 743 1603 777 13

91 800 207 840 turba
227 799 435 851 completis
456 798 572 838 etiam
595 798 640 837 ad
662 797 930 850 spectaculum
952 796 1076 835 muris
1093 796 1269 847 conspici
1293 808 1333 835 se
1350 809 1534 848 pugnan-

92 865 173 897 tem
204 857 407 909 egregium
436 855 617 895 ducebat.
667 855 911 905 aliquantum
942 859 1033 892 ante
1063 854 1186 892 aciem
1217 865 1307 892 cum
1340 853 1538 904 equitibus
1570 859 1606 891 11

92 914 231 967 paucis
252 921 410 953 evectus
431 914 471 952 in
494 913 643 952 medios
662 912 786 952 hostis
807 912 1010 962 ingentem
1027 923 1115 950 cum
1138 911 1219 950 suis
1235 910 1429 957 ardorem,
1452 917 1535 950 tum

93 983 279 1024 pavorem
301 970 483 1011 hostibus
502 970 649 1010 iniecit.
682 969 875 1022 plurimos
896 981 1016 1007 manu
1038 981 1107 1008 sua
1124 968 1346 1007 comminus
1363 968 1538 1007 eminus·
1571 974 1606 1006 15

96 1042 174 1081 que
194 1029 423 1068 vulneratos
443 1028 749 1080 compulsosque
770 1027 810 1066 in
834 1033 990 1078 portam
1012 1031 1252 1065 consecutus
1274 1031 1311 1064 et
1326 1025 1424 1077 ipse,
1447 1038 1537 1065 cum

93 1086 284 1126 maiorem
304 1086 346 1125 in
368 1085 559 1136 angustiis
580 1084 861 1136 trepidantium
877 1083 1063 1122 edidisset
1078 1083 1248 1129 caedem,
1271 1082 1310 1121 in
1331 1082 1537 1122 temerario

94 1144 257 1196 incepto
273 1149 402 1182 tutum
414 1149 548 1182 tamen
565 1148 770 1193 receptum
783 1140 931 1188 habuit,
949 1141 1052 1191 quia,
1071 1140 1137 1191 qui
1152 1140 1192 1179 in
1209 1140 1387 1179 turribus
1404 1146 1540 1192 portae
1572 1146 1609 1178 16

97 1207 223 1249 erant,
244 1199 496 1240 sustinebant
516 1199 603 1246 tela,
628 1211 676 1237 ne
694 1199 733 1237 in
752 1198 969 1250 permixtos
985 1197 1163 1237 hostibus
1183 1210 1277 1237 suos
1295 1197 1537 1236 conicerent.

97 1258 201 1297 intra
230 1270 366 1297 muros
398 1257 540 1296 deinde
570 1255 801 1295 tenentibus
830 1255 974 1294 milites
1005 1254 1315 1293 Atheniensibus
1338 1254 1541 1306 Philippus
1572 1260 1608 1293 17

97 1315 212 1367 signo
242 1315 420 1366 receptui
449 1314 540 1353 dato
573 1318 700 1352 castra
729 1313 774 1351 ad
798 1313 1044 1365 Cynosarges
1065 1334 1119 1340 —
1141 1311 1333 1363 templum
1355 1311 1538 1351 Herculis

97 1372 424 1425 gymnasiumque
460 1378 499 1410 et
533 1372 647 1410 lucus
681 1376 761 1409 erat
806 1369 1084 1409 circumiectus
1113 1392 1168 1398 -—
1198 1369 1342 1420 posuit.
1399 1369 1467 1408 sed
1504 1376 1539 1408 et
1573 1374 1610 1408 18

99 1495 207 1529 quam
235 1484 342 1517 decus
366 1509 374 1518 .
397 1511 404 1519 .
428 1484 512 1523 fuit.
547 1503 590 1507 —
620 1484 720 1515 intra
742 1510 748 1515 .
773 1508 780 1515 .

100 1532 288 1574 extraque]
311 1540 338 1563 s.
365 1540 407 1563 zu
432 1533 464 1573 5,
483 1531 537 1571 35,
555 1531 594 1568 4;
624 1531 677 1571 10,
695 1531 726 1571 7,
745 1530 781 1567 2;

855 1485 907 1515 15.
929 1484 987 1521 16;
1014 1481 1340 1524 vgl.1‚19,15;4.
1360 1482 1541 1521 32‚12;7,

854 1530 908 1569 30,
938 1529 995 1565 14;
1023 1529 1077 1568 35,
1103 1529 1159 1567 44,
1183 1529 1222 1565 4;
1249 1529 1304 1567 45,
1332 1528 1385 1568 34,
1413 1529 1430 1560 Τ
1457 1537 1488 1560 u.
1511 1538 1540 1560 a.

100 1579 154 1618 34,
181 1578 212 1618 8,
240 1578 274 1616 1;
299 1575 378 1609 Hor.
403 1575 463 1619 Ep.
490 1576 521 1615 2,
541 1576 571 1614 1,
597 1577 658 1613 313
677 1584 713 1607 es
738 1575 784 1607 ist

99 1622 158 1655 der
178 1622 295 1654 innere
314 1621 384 1654 und
404 1621 536 1654 :iussere
549 1620 783 1660 Kerameikos,

100 1668 194 1701 einer
206 1666 265 1700 der
275 1666 402 1700 Demen
417 1666 563 1706 Attikas,
579 1666 684 1699 durch
703 1666 786 1698 wel-

99 1713 186 1747 chen
210 1722 279 1746 von
303 1712 363 1746 der
387 1707 515 1758 ἀγορά
541 1716 575 1750 (α
594 1711 691 1752 foro)
709 1712 784 1744 eine

101 1758 230 1792 Strat'se
255 1758 342 1790 nach
367 1758 427 1791 der
447 1757 636 1790 Akademie
663 1757 785 1791 fuhrte.

100 1824 145 1828 —
159 1804 733 1845 dem'egerels.21,19,1;zu1,11‚
749 1805 785 1836 9:

102 1850 178 1884 eine
219 1849 398 1882 formliche
436 1847 681 1882 Schlachtlinie
717 1859 785 1881 von

101 1896 177 1928 dem
202 1895 325 1928 Forum
352 1895 404 1928 bis
433 1905 475 1927 an
501 1894 561 1927 das
586 1893 680 1927 Thor
711 1894 786 1926 auf-

102 1941 236 1975 stellen.
260 1960 304 1964 —
331 1941 443 1981 limes]
469 1950 496 1973 s.
523 1942 578 1980 22,
607 1942 659 1980 12,
685 1941 716 1973 2.
741 1959 787 1963 -—

99 1987 315 2020 Academiae
347 1987 594 2030 gymnasium]
631 1985 691 2018 das
729 1985 787 2018 be-

100 2032 290 2066 rfihmteste
304 2031 526 2076 Gymnasium
541 2031 685 2072 Athens,
708 2031 789 2064 zwi-

102 2078 207 2112 schen
229 2077 307 2111 dem
326 2078 383 2111 bei
403 2077 478 2110 dem
502 2076 650 2121 Dipylon
673 2077 789 2119 begin-

102 2124 237 2157 nenden
275 2123 425 2166 heiligen
464 2122 570 2165 Wege
606 2122 676 2155 und
713 2123 789 2156 dem

103 2167 259 2202 Kolonos
283 2169 446 2212 Hippios,
478 2179 547 2201 von
575 2168 688 2201 hohen
714 2167 791 2201 Pla-

104 2219 208 2248 tanen
242 2215 453 2251 beschattet;
486 2224 514 2248 s.
546 2213 635 2248 Plin.
672 2216 726 2256 12,
751 2216 790 2253 9;

100 2259 202 2293 Plato
225 2260 322 2294 hatte
347 2259 500 2293 daselbst
525 2259 668 2303 gelehrt.
685 2279 730 2284 —
751 2260 793 2292 li-

103 2307 227 2339 berum
249 2307 419 2348 spatium]
445 2305 514 2348 vgl.
533 2307 587 2346 39,
605 2308 660 2343 1ος
688 2308 719 2347 3,
738 2307 794 2347 22,

104 2354 144 2392 8;
170 2353 226 2393 23,
249 2354 305 2392 47,
332 2354 370 2390 53
397 2352 488 2384 Gurt.
508 2353 539 2393 7,
564 2355 595 2392 4,
623 2354 675 2385 35.

152 2399 204 2432 10.
236 2408 275 2431 eo
307 2397 431 2438 limite]
461 2406 488 2430 s.
515 2398 569 2438 23,
595 2399 649 2439 37,
676 2399 710 2435 5;
737 2399 792 2437 26,

109 2445 161 2485 11,
188 2444 240 2485 11,
265 2454 298 2476 u.
324 2453 354 2476 a.
379 2462 422 2467 —
447 2443 566 2475 Attali
592 2441 792 2486 praesidio]

105 2488 217 2522 dieses
242 2499 314 2522 war
337 2488 624 2522 wahrscheinlich
645 2499 712 2522 von
733 2489 793 2521 At-

105 2533 197 2567 talus
222 2535 262 2575 (s.
290 2536 342 2576 15,
369 2536 401 2576 8)
427 2534 727 2576 zuriickgelassen.

154 2580 206 2613 11.
230 2581 324 2612 iram
355 2581 595 2622 empletnrum]
629 2590 654 2613 s,
680 2583 711 2622 Τ,
738 2581 791 2617 30,

853 1593 897 1598 —
922 1585 958 1605 se
984 1574 1171 1613 intuentes]
1197 1572 1265 1615 vgl.
1293 1575 1323 1614 7,
1350 1575 1403 1613 33,
1432 1575 1483 1606 10.

904 1621 955 1652 12.
982 1621 1140 1651 concitat
1163 1617 1294 1659 eczmffi‘]
1321 1629 1347 1651 s.
1374 1620 1405 1653 3.
1432 1620 1485 1660 61,
1505 1620 1541 1652 9:

856 1667 1040 1698 concitant
1064 1675 1171 1707 equos
1198 1667 1481 1706 permittuntque
1506 1668 1542 1696 ιή

856 1712 1004 1748 Ιιοείεπι;
1031 1712 1062 1747 S.
1082 1714 1115 1755 Τ,
1131 1711 1161 1743 9.
1187 1729 1232 1733 --
1252 1710 1388 1752 gloria]
1405 1707 1543 1742 ‘Ruhm-

857 1753 973 1789 sucht'
1003 1756 1083 1788 oder
1108 1752 1328 1793 ‘Prahlerei';
1355 1766 1381 1789 s.
1408 1758 1438 1795 2,
1458 1758 1488 1793 6,
1508 1758 1543 1790 S:

856 1802 925 1845 vgl.
952 1801 1066 1834 Horat.
1094 1801 1201 1834 Carm.
1230 1802 1259 1834 3.
1287 1803 1317 1837 2,
1344 1803 1374 1834 6.

905 1849 957 1881 13.
984 1849 1102 1887 etiam]
1127 1847 1157 1879 d.
1178 1847 1208 1880 h.
1229 1847 1322 1879 nicht
1339 1846 1441 1879 allein
1468 1857 1544 1880 zum

856 1892 1012 1936 Kampfe.
1037 1912 1082 1916 —
1106 1893 1154 1925 ad
1174 1893 1426 1935 spectaenlmn]
1445 1903 1470 1925 s.
1492 1895 1544 1930 21,

907 1987 957 2017 15.
991 1987 1026 2015 et
1056 1984 1142 2026 ipse}
1176 1979 1298 2026 ‘sogar
1331 1980 1542 2026 personlich'

859 2030 965 2072 drang
996 2040 1031 2062 er
1056 2029 1110 2062 bis
1143 2040 1185 2062 an
1220 2029 1279 2062 das
1310 2028 1421 2069 Thor,
1452 2030 1544 2062 nicht

859 2076 961 2109 allein
987 2075 1042 2108 die
1062 2074 1261 2117 Verfolgten
1285 2075 1354 2107 und
1373 2076 1465 2108 seine
1484 2074 1547 2108 Be-

859 2122 997 2165 gleiter;
1025 2131 1050 2154 S.
1078 2122 1130 2154 21.
1153 2123 1211 2156 14:
1237 2123 1290 2162 23,
1314 2123 1366 2161 19,
1384 2123 1415 2154 4.
1441 2140 1484 2145 --
1510 2123 1547 2152 in

860 2169 1049 2200 temerario
1065 2192 1072 2200 .
1087 2168 1106 2207 .]
1124 2163 1132 2175 ‘
1145 2163 1218 2199 bei'
1235 2192 1243 2199 .
1259 2193 1278 2207 .,
1299 2184 1344 2195 =
1360 2163 1368 2174 ‘
1381 2163 1487 2199 trotz'
1506 2192 1512 2198 .
1528 2192 1546 2200 ..

859 2213 1060 2250 konzessiv;
1085 2222 1112 2245 s.
1141 2214 1169 2253 1,
1199 2214 1250 2251 17,
1277 2214 1306 2245 3.
1334 2214 1387 2251 28,
1416 2214 1445 2244 S.

912 2261 962 2292 16.
990 2260 1152 2290 turribus
1181 2259 1319 2299 portae]
1346 2258 1455 2290 neben
1482 2256 1545 2290 deu

863 2303 999 2337 Thoren
1014 2314 1139 2339 waren.
1156 2314 1210 2335 um
1227 2304 1275 2336 sie
1290 2314 1330 2335 zu
1346 2303 1547 2345 besestigen,

862 2351 896 2383 in
927 2350 985 2383 der
1016 2348 1307 2392 vorspringenden
1333 2346 1449 2380 Mauer
1480 2348 1549 2381 bis—

863 2396 987 2428 weilen
1012 2395 1101 2427 noch
1127 2394 1274 2426 Thsirme
1300 2393 1483 2435 angebant.

914 2443 963 2474 17.
992 2440 1224 2483 Cynosarges]
1258 2439 1345 2472 nahe
1378 2449 1440 2472 vor
1472 2439 1547 2472 dem

864 2486 975 2519 Thore
993 2485 1145 2518 Diomeia
1171 2494 1213 2517 an
1238 2483 1297 2517 der
1318 2484 1464 2518 Ostseite
1490 2485 1549 2518 der

864 2532 974 2572 Stadt,
999 2541 1051 2563 am
1078 2530 1179 2563 Fusse
1205 2530 1265 2563 des
1289 2529 1514 2574 Lykabettos.

913 2579 964 2611 18.
994 2577 1067 2616 sed]
1100 2576 1276 2609 bestimmt
1309 2576 1369 2609 das
1402 2575 1548 2610 Vorher-
