1795 2844
132 94 159 113 a..
181 84 249 112 ctu.
270 91 300 110 n.
324 84 383 111 196.
404 84 463 110 195.

556 70 684 105 LIBER
707 69 854 105 XXXIII.
902 68 998 104 GAP.
1023 70 1079 103 43.
1104 71 1159 104 44.
1534 64 1587 103 ’77

133 199 172 234 et
201 192 458 243 octingentos
480 190 635 243 equites
656 201 792 229 secum
813 195 973 241 portare
996 194 1033 232 et
1057 200 1174 227 naves
1195 187 1334 238 longas
1355 185 1493 238 viginti
1516 186 1589 226 du-

132 262 242 299 cere;
274 249 374 289 alter
404 248 547 288 consul
578 248 674 287 duas
704 245 897 286 scriberet
927 246 1126 297 legiones;
1159 245 1207 284 iis
1229 244 1395 284 Galliam
1420 243 1591 283 obtineri
1623 251 1642 284 4

134 307 378 362 provinciam
401 307 495 346 satis
513 318 597 345 esse
613 305 748 344 fractis
765 303 947 356 proximo
965 315 1071 342 anno
1089 303 1303 342 Insubrum
1321 301 1591 354 Boiorumque

134 365 289 406 animis.
332 363 427 403 Cato
448 363 695 416 Hispaniam,
717 361 895 401 Valerius
917 359 1067 400 Italiam
1089 367 1147 400 est
1169 360 1346 399 sortitus.
1388 365 1593 412 praetores
1624 366 1642 398 5

134 423 277 463 deinde
299 422 524 475 provincias
545 420 686 467 sortiti,
710 419 752 458 C.
773 418 980 458 Fabricius
998 418 1197 457 Luscinus
1220 418 1426 465 urbanam,
1449 416 1490 456 C.
1510 416 1593 456 Ati-

137 481 229 520 nius
250 480 382 520 Labeo
405 479 671 532 peregrinam,
693 476 765 516 Cn.
785 476 954 515 Manlius
967 475 1084 514 Volso
1105 475 1292 523 Siciliam,
1316 479 1388 528 Ap.
1408 474 1595 514 Claudius

135 537 241 578 Nero
265 537 496 590 Hispaniam
518 535 768 581 ulteriorem,
791 534 833 573 P.
856 533 1024 573 Porcius
1045 533 1171 573 Laeca
1192 532 1323 581 Pisas,
1346 539 1391 572 ut
1413 532 1460 572 ab
1484 538 1595 584 tergo

138 595 352 648 Liguribus
390 600 511 643 esset3
549 593 591 632 P.
631 592 799 632 Manlius
836 592 876 631 in
909 591 1141 644 Hispaniam
1179 591 1407 630 citeriorem
1442 590 1599 630 adiutor

138 653 295 694 consuli
332 653 458 692 datus.

519 651 563 690 T.
596 649 782 696 Quinctio
819 649 1016 702 suspectis
1053 661 1134 688 non
1172 648 1299 688 solum
1333 648 1530 687 Antiocho
1564 654 1602 686 et
1631 654 1650 686 6

139 711 311 758 Aetolis,
337 711 405 749 sed
427 710 505 749 iam
527 708 643 748 etiam
665 707 836 756 Nabide,
859 706 1267 747 Lacedaemoniorum
1291 713 1458 758 tyranno
1472 736 1481 753 ,
1505 717 1600 758 pro-

140 777 325 820 rogatum
354 768 395 806 in
425 778 577 806 annum
607 765 820 818 imperium
847 772 926 812 est,
958 764 1056 804 duas
1076 763 1255 816 legiones
1275 770 1320 803 ut
1341 763 1518 802 haberet.
1560 763 1599 801 in

140 839 207 867 eas
235 827 268 866 si
291 825 383 877 quid
407 824 678 877 supplementi
701 836 803 877 opus
825 829 949 870 esset,
984 822 1171 861 consules
1192 821 1366 861 scribere
1388 827 1426 860 et
1446 820 1603 860 mittere

141 884 183 925 in
201 883 472 924 Macedoniam
494 883 604 922 iussi.
641 883 715 933 Ap.
734 880 898 920 Claudio
920 887 1079 933 praeter
1096 879 1309 931 legionem,
1333 890 1450 931 quam
1469 877 1514 923 Q.
1532 878 1605 917 Fa·
1637 885 1655 916 7

141 943 232 983 bius
260 940 470 989 habuerat,
501 941 580 980 duo
613 939 717 979 milia
744 939 918 992 peditum
950 945 988 978 et
1016 938 1210 977 ducentos
1238 936 1392 989 equites
1414 948 1538 975 novos
1560 943 1603 975 ut

144 999 360 1046 scriberet,
389 998 643 1050 permissum.
687 1010 759 1050 par
788 1009 980 1036 numerus
1001 996 1180 1048 peditum
1202 995 1463 1047 equitumque
1484 1006 1608 1032 novo·
1639 1000 1657 1032 S

143 1069 233 1098 rum
250 1064 288 1096 et
303 1055 346 1095 P.
364 1055 512 1095 Manlio
528 1056 571 1095 in
589 1055 814 1094 citeriorem
830 1054 1063 1106 Hispaniam
1080 1054 1265 1092 decretus
1282 1059 1319 1091 et
1335 1052 1438 1102 legio
1458 1052 1607 1099 eadem,

90 1108 100 1118 ⁶
149 1127 250 1168 quae
277 1114 406 1153 fuerat
427 1113 501 1153 sub
524 1112 571 1159 Q.
595 1112 770 1152 Minucio
792 1119 996 1166 praetore,
1028 1112 1128 1151 data.
1171 1117 1209 1150 et
1229 1110 1272 1149 P.
1295 1109 1438 1148 Porcio
1461 1108 1611 1148 Laecae
1640 1115 1659 1147 9

147 1173 211 1223 [ad
228 1171 444 1221 Etruriam]
470 1171 572 1211 circa
591 1170 702 1210 Pisas
723 1170 859 1210 decem
883 1169 989 1209 milia
1013 1169 1190 1221 peditum
1214 1175 1252 1207 et
1269 1167 1480 1220 quingenti
1497 1168 1610 1218 equi-

149 1239 208 1270 tes
230 1241 277 1268 ex
295 1228 444 1268 Gallico
468 1229 644 1268 exercitu
667 1229 830 1268 decreti.
864 1228 904 1267 in
923 1227 1104 1266 Sardinia
1122 1232 1381 1279 prorogatum
1399 1224 1611 1277 imperium

149 1287 211 1327 Ti.
235 1286 474 1339 Sempronio
490 1286 653 1338 Longo.

266 1343 486 1383 Provinciis
513 1344 566 1383 ita
588 1343 808 1382 distributis
831 1342 1035 1389 consules,
1066 1341 1297 1394 priusquam
1320 1339 1367 1379 ab
1390 1339 1489 1379 urbe
1511 1351 1606 1392 pro·
1633 1342 1684 1378 44

149 1402 440 1448 ficiscerentur,
462 1414 530 1441 ver
551 1413 706 1440 sacrum
731 1413 777 1440 ex
794 1401 952 1440 decreto
974 1399 1209 1451 pontificum
1227 1398 1324 1437 iussi
1341 1398 1484 1444 facere,
1507 1397 1614 1450 quod
1646 1405 1664 1438 2

152 1462 197 1499 A.
220 1458 429 1499 Cornelius
450 1459 664 1499 Mammula
694 1465 854 1511 praetor
886 1463 1043 1496 voverat
1069 1457 1116 1495 de
1139 1463 1300 1496 senatus
1323 1454 1519 1495 sententia
1540 1468 1613 1507 po-

153 1549 368 1584 sularischen
390 1547 519 1588 Heere;
549 1559 575 1582 s.
593 1551 654 1591 37,
676 1550 714 1592 2,
732 1551 769 1587 4;
796 1550 852 1589 40,

156 1598 240 1637 1,5;
266 1605 310 1628 zu
335 1597 390 1637 40,
417 1598 472 1636 36,
496 1598 528 1630 6.

201 1644 233 1675 4.
257 1643 428 1685 prooeimo
454 1644 563 1683 anno]
588 1652 615 1675 S.
643 1643 698 1683 36,
715 1640 784 1676 4ff.

203 1690 235 1722 5.
271 1687 429 1729 Italiam]
455 1699 483 1723 s.
516 1690 578 1730 25,
604 1690 637 1721 4.
669 1707 714 1711 —
738 1688 852 1728 Pisas]

158 1733 381 1767 Amtsbezirk
397 1733 692 1777 (Kriegfuhrung),
717 1733 752 1766 in
770 1733 855 1766 wel-

159 1780 257 1813 chem
278 1778 358 1813 Pisa
384 1779 444 1813 der
462 1779 677 1822 Stfitzpunkt
695 1779 769 1812 sein
787 1778 853 1812 soll

159 1826 241 1867 (wie
269 1827 374 1867 32,1,
392 1829 411 1860 5
439 1826 664 1867 Ariminum),
696 1825 791 1858 nicht
821 1826 855 1857 in

159 1871 238 1905 dem
277 1870 383 1905 Sinne
414 1871 562 1905 Provinz
601 1872 668 1904 wie
704 1870 858 1912 Sicilien,

162 1916 362 1959 Sardinien,
394 1918 561 1962 Spanien;
594 1928 620 1951 s.
649 1919 712 1959 34,
737 1919 791 1959 56,
822 1920 856 1955 1;

163 1966 219 2006 35,
242 1965 298 2004 21,
327 1965 385 2004 10;
413 1966 467 2007 38,
495 1966 550 2007 35,
577 1966 615 1998 8:
652 1964 754 1996 Pisae
780 1974 860 1996 cum

163 2009 379 2052 Liguriam
399 2012 453 2052 39,
472 2012 527 2051 32,
547 2013 585 2049 2;
605 2012 661 2052 40,
682 2012 734 2050 17,
753 2011 785 2042 7.
804 2012 859 2049 41,

164 2058 205 2095 3;
230 2057 286 2097 41,
312 2059 345 2098 5,
363 2059 400 2095 6;
426 2058 483 2099 43,
510 2059 542 2098 9,
568 2058 607 2095 3:
634 2056 705 2098 vgl.
732 2057 786 2094 32,
805 2057 860 2095 28,

166 2104 198 2136 8.
217 2121 262 2126 —
281 2104 324 2135 ab
344 2105 462 2145 tergo]
488 2102 543 2136 die
562 2103 704 2146 Ligurer
722 2101 862 2135 werden

165 2147 254 2181 nach
272 2148 407 2182 Gallien
434 2159 475 2182 zu
501 2149 672 2192 gerichtet
697 2147 862 2190 gedacht;

165 2193 237 2236 vgl.
257 2195 312 2237 32,
331 2196 386 2237 29,
404 2197 436 2229 6.
454 2214 498 2219 ——
517 2196 676 2235 adiutor]
696 2204 723 2227 s.
739 2197 793 2236 26,
810 2195 864 2234 19,

171 2242 232 2279 10;
260 2251 302 2273 zu
327 2244 383 2282 40,
402 2242 457 2282 23,
475 2242 506 2274 2.

215 2287 247 2320 6.
272 2287 466 2328 Antiocho]
502 2287 591 2320 nach
623 2286 690 2320 den
715 2287 770 2327 39,
794 2287 814 2319 4
830 2284 864 2318 ss'.

171 2332 357 2374 gestellten
400 2333 652 2377 Bedingungen
690 2341 762 2364 war
806 2331 866 2364 der

171 2376 276 2421 Krieg
299 2379 363 2413 mit
386 2379 457 2412 ihm
483 2390 524 2413 zu
550 2379 728 2417 ffirchten3
755 2387 782 2412 s.
809 2379 865 2418 47,

173 2424 214 2462 ὃς
249 2424 337 2458 doch
370 2425 440 2468 vgl.
476 2428 540 2467 34,
565 2426 622 2467 49,
652 2426 685 2458 4.
717 2443 763 2448 —
792 2425 865 2455 iam

175 2470 299 2511 etiam]
325 2481 352 2504 s.
378 2482 421 2504 zu
447 2473 501 2513 39,
520 2473 551 2505 7.
580 2491 621 2494 —
645 2473 685 2502 in
718 2470 867 2509 annum]

175 2515 306 2549 ebenso
329 2517 384 2550 bei
400 2517 520 2559 lustin,
545 2516 707 2560 obgleich
725 2516 795 2549 ihm
813 2517 868 2555 25,

178 2563 219 2594 11
247 2560 308 2595 das
332 2561 515 2606 imperium
541 2563 650 2597 sehon
680 2561 741 2595 auf
762 2561 871 2595 unbe-

926 1549 1080 1581 stinimte
1094 1547 1168 1581 Zeit
1184 1547 1382 1590 verlangert
1401 1548 1462 1585 ist;
1482 1547 1515 1579 in
1534 1546 1618 1589 glei-

925 1594 1005 1627 cher
1033 1593 1148 1627 Weise
1181 1594 1237 1627 bei
1264 1593 1380 1637 Scipio
1411 1595 1465 1634 27,
1492 1594 1554 1635 22,
1582 1596 1618 1633 73

924 1640 994 1683 vgl.
1022 1641 1077 1681 27,
1096 1642 1126 1681 7,
1148 1642 1199 1674 17.

972 1688 1003 1719 7.
1038 1687 1189 1727 Fabius]
1222 1697 1249 1719 s.
1284 1687 1344 1726 2-1,
1371 1687 1402 1719 2.
1430 1686 1491 1726 26,
1519 1686 1548 1718 3.
1576 1704 1621 1709 ——

924 1733 1108 1772 scriberet]
1144 1732 1203 1765 der
1228 1732 1367 1771 Prator3
1395 1742 1421 1765 s.
1447 1732 1501 1772 32,
1527 1732 1557 1772 S,
1582 1732 1619 1769 6;

927 1779 971 1812 ob
1010 1778 1098 1811 auch
1134 1778 1283 1811 Manlius
1326 1777 1420 1810 seine
1458 1776 1622 1820 Truppen

928 1824 1037 1857 selbst
1063 1824 1220 1865 aushebt,
1246 1824 1327 1857 lasst
1353 1823 1427 1856 sich
1453 1822 1547 1856 nicht
1574 1833 1624 1856 er-

928 1870 1078 1903 kennen.

976 1917 1008 1949 9.
1023 1927 1069 1948 ea:
1081 1915 1218 1949 Gallico
1234 1913 1412 1958 emt-citu]
1425 1914 1500 1947 dem
1512 1914 1626 1948 friihe-

930 1973 1002 2004 ren,
1021 1961 1065 1995 da
1081 1972 1117 1995 es
1131 1972 1199 1995 von
1215 1961 1293 1995 dem
1307 1971 1418 1994 neuen
1434 1960 1456 2004 ξ
1470 1964 1489 1994 4
1503 1960 1624 1994 heisst:

933 2011 977 2041 iis
1003 2009 1171 2043 obtineri.
1196 2027 1243 2032 —
1269 2009 1306 2039 in
1331 2007 1519 2047 Sardinia]
1546 2006 1625 2040 weil

933 2054 988 2088 die
1007 2054 1091 2087 Zahl
1116 2053 1176 2088 der
1192 2053 1356 2087 Pratoren
1379 2052 1509 2086 wieder
1534 2053 1629 2086 nicht

934 2100 1118 2181 {gereichL
1149 2119 1197 2124 ——-
1238 2099 1319 2133 1¹22*
1339 2100 1566 2141 Sempronio]
1602 2109 1628 2132 s.

980 2192 1045 2227 44.
1072 2194 1102 2226 1.
1128 2203 1191 2224 ver
1214 2192 1372 2231 sacrum]
1400 2200 1426 2223 s.
1446 2192 1499 2227 22,
1521 2192 1574 2231 10,
1598 2192 1629 2224 3.

935 2258 979 2263 -
1007 2250 1052 2271 ea:
1072 2238 1212 2271 decreto
1236 2237 1464 2280 pontificum]
1481 2246 1507 2269 s.
1522 2237 1576 2277 22,
1599 2238 1630 2276 9,

940 2287 993 2318 11.
1027 2304 1071 2308 -
1104 2285 1195 2316 iussi
1226 2283 1382 2323 facer-0²⁸]
1414 2281 1516 2315 naml.
1550 2292 1631 2315 vom

939 2330 1085 2368 Senate;
1099 2330 1169 2372 vgl.
1186 2331 1239 2370 26,
1255 2331 1291 2366 6;
1308 2331 1362 2369 31,
1380 2329 1431 2368 12,
1450 2329 1505 2365 10;
1522 2326 1631 2372 Marq.

938 2378 969 2417 3,
992 2378 1076 2414 255;
1104 2375 1233 2408 Preller
1257 2373 1332 2408 RM.
1354 2375 1433 2407 202.

986 2425 1016 2455 2.
1042 2422 1109 2455 A.*
1130 2421 1317 2454 Cornelius
1339 2420 1547 2461 Mammula]
1574 2419 1634 2453 der

941 2470 996 2509 22,
1016 2470 1048 2507 9,
1076 2470 1112 2501 11
1148 2467 1326 2499 erwahnte
1359 2465 1506 2498 Amilius
1541 2466 1634 2499 hatte

941 2524 1005 2547 nur
1030 2513 1085 2546 die
1110 2512 1270 2546 Aussicht
1294 2512 1380 2545 siber
1405 2510 1460 2544 die
1483 2511 1634 2545 Ausfiih-

940 2569 1029 2602 rung
1055 2558 1114 2592 der
1144 2558 1331 2602 religiosen
1357 2557 1633 2602 Anordnungen;
