1747 2828
157 261 174 293 7

156 375 173 408 8

124 590 127 591 ⁷
155 604 173 634 e

136 774 172 806 10

135 887 171 919 11

210 79 259 117 12
679 80 804 114 LIBER
830 80 972 114 XXXIII.
1021 79 1115 114 CAP.
1142 83 1172 114 7.
1443 101 1468 119 a.
1487 101 1515 119 u.
1537 100 1562 120 ο.
1582 93 1643 120 557.

206 209 270 235 sos
301 202 423 235 aucta.
466 196 504 235 in
537 208 611 248 qua
645 208 733 235 cum
760 196 1061 248 haudquaquam
1084 207 1197 247 pares
1219 195 1383 235 Romani
1405 196 1501 236 alios
1523 210 1643 250 super

204 254 302 292 alios
332 253 491 292 nuntios
519 253 566 292 ad
598 253 737 292 ducem
759 254 960 293 mitterent
981 253 1106 305 premi
1128 265 1233 298 sese,
1263 253 1468 305 quingenti
1491 255 1642 305 equites

206 319 243 349 et
263 311 340 349 duo
363 310 467 348 milia
491 310 663 362 peditum
677 341 686 358 ,
719 311 885 356 maxime
906 310 1154 357 Aetolorum,
1186 321 1276 348 cum
1297 310 1452 350 duobus
1473 311 1642 352 tribunis

204 367 372 406 militum
396 379 564 419 propere
583 368 698 407 missa
716 380 799 406 rem
816 367 1042 407 inclinatam
1060 368 1332 415 restituerunt,
1355 380 1544 420 versaque
1561 368 1642 409 for-

206 432 299 463 tuna
321 423 555 463 Macedones
585 423 807 463 laborantes
828 436 943 477 opem
965 425 1069 475 regis
1091 436 1161 476 per
1184 424 1345 464 nuntios
1366 425 1641 477 implorabant.

208 481 294 526 sed,
326 487 368 520 ut
390 481 455 533 qui
480 481 577 520 nihil
599 481 730 520 minus
752 481 818 520 illo
841 482 902 520 die
924 488 1087 534 propter
1110 481 1271 520 effusam
1293 481 1502 532 caliginem
1525 495 1642 535 quam

207 538 399 589 proelium
417 544 671 590 expectasset,
694 551 833 589 magna
851 544 960 590 parte
977 539 1182 577 hominum
1200 538 1328 578 omnis
1344 539 1500 589 generis
1516 540 1640 592 pabu-

203 594 326 634 latum
356 596 470 634 missa
502 595 740 647 aliquamdiu
768 597 884 648 inops
905 595 1060 634 consilii
1082 596 1307 647 trepidavit;
1339 596 1501 644 deinde,
1532 604 1641 649 post-

205 664 321 704 quam
345 653 471 692 nuntii
493 653 702 697 instabant,
725 659 762 691 et
784 653 857 692 iam
879 652 969 704 iuga
990 653 1185 692 montium
1206 653 1405 692 detexerat
1426 653 1582 702 nebula,
1605 660 1643 693 et

205 710 246 748 in
276 716 493 762 conspectu
515 716 625 749 erant
647 710 880 749 Macedones
902 710 941 748 in
964 710 1160 749 tumulum
1183 710 1348 748 maxime
1370 710 1517 750 editum
1539 711 1642 751 inter

203 766 299 806 alios
322 766 515 819 compulsi
538 766 624 806 loco
647 780 689 806 se
706 767 828 818 magis
845 778 962 819 quam
979 767 1096 806 armis
1112 772 1298 814 tutantes,
1321 767 1641 807 committendam

204 837 334 863 rerum
358 836 547 863 summam
571 825 610 863 in
634 824 845 863 discrimen
867 830 1082 876 utcumque
1103 831 1222 871 ratus,
1245 836 1294 862 ne
1317 825 1439 876 partis
1460 825 1640 865 indefen-

204 894 268 920 sae
286 882 433 920 iactura
451 881 573 927 fieret,
593 881 894 931 Athenagoram,
914 881 1053 920 ducem
1070 881 1249 920 mercede
1266 881 1532 930 militantium,
1550 895 1641 922 cum

205 938 388 977 omuibus
410 944 566 990 praeter
582 938 752 977 Thracas
768 939 920 977 auxiliis
936 945 974 977 et
989 938 1164 989 equitatu
1180 937 1440 977 Macedonum
1456 951 1501 978 ac
1517 939 1642 978 Thes-

203 995 372 1035 salorum
396 995 528 1034 mittit.
566 1007 702 1034 eorum
726 996 895 1035 adventu
917 995 1070 1047 depulsi
1092 993 1140 1034 ab
1157 994 1249 1046 iugo
1266 994 1434 1034 Romani
1453 1008 1533 1035 non
1549 1003 1640 1035 ante

201 1053 450 1100 restiterunt,
474 1065 589 1104 quam
616 1052 655 1091 in
679 1052 897 1104 planiorem
919 1051 1056 1091 vallem
1080 1057 1312 1104 perventum
1335 1058 1405 1092 est.
1448 1065 1498 1092 ne
1519 1053 1641 1093 effusa

200 1176 354 1219 dagegen
380 1178 410 1213 2,
426 1178 480 1218 45,
496 1177 531 1209 3:
559 1176 729 1208 lacessere
752 1176 800 1208 ad
818 1186 888 1218 pu-

196 1233 323 1264 gnam;
352 1222 405 1263 25,
428 1223 479 1263 18,
498 1223 536 1254 2:
564 1221 716 1264 proeliis
742 1221 886 1253 lacesse-

201 1270 287 1300 bant
315 1267 503 1300 Romanos.
527 1287 571 1291 —
605 1268 817 1308 letentz‘um]*
843 1286 886 1290 —

197 1314 354 1356 pulsos]*

246 1361 276 1392 7.
302 1360 468 1398 maoee‘me]
488 1369 512 1391 s.
533 1361 564 1399 5,
582 1361 636 1400 40,
655 1362 692 1392 5:
719 1360 886 1400 alia—*ma-

197 1407 294 1437 .ce'me
315 1405 427 1447 plebis
449 1406 643 1445 turbant,
661 1407 716 1446 46,
730 1407 760 1438 9.
787 1403 884 1437 Uhri-

199 1461 282 1492 gens
308 1450 383 1483 sind
408 1450 461 1483 die
489 1449 604 1483 Worte
635 1452 791 1482 maus-ime
814 1450 883 1481 Ae-

198 1497 353 1529 tolorum
378 1496 471 1528 nicht
497 1505 538 1527 an
564 1495 751 1538 passender
775 1494 881 1528 Stelle

199 1553 266 1575 von
291 1541 362 1575 Liv.
389 1542 643 1583 hinzugesetzt,
678 1541 718 1574 da
745 1541 793 1574 sie
820 1551 881 1574 nur

197 1587 257 1621 aus
280 1587 333 1621 die
359 1586 473 1620 Reiter
499 1586 571 1619 sich
606 1586 769 1619 beziehen
796 1585 880 1619 kon-

198 1644 273 1669 nen.
293 1633 424 1666 welche
444 1632 488 1665 im
503 1631 687 1674 folgenden
702 1632 802 1665 Hiilfe
819 1632 881 1664 lei-

197 1684 292 1721 sten,
331 1678 493 1711 wahrend
532 1678 593 1711 das
626 1677 791 1711 Fussvolk
822 1677 881 1710 der

195 1725 313 1758 Atoler
349 1724 425 1757 dem
462 1723 645 1756 Feldlierrn
687 1723 765 1756 kein
799 1722 882 1756 Ver-

197 1775 315 1803 trauen
341 1769 520 1803 einssossen
546 1768 691 1807 konnte;
718 1780 743 1802 s.
780 1770 800 1810 ξ
829 1770 880 1802 13.

244 1818 273 1849 8.
299 1816 392 1856 sed*,
416 1818 458 1847 ut
476 1817 548 1857 qni]
563 1815 647 1847 iiber
665 1815 719 1848 die
739 1814 880 1848 Verbin-

196 1862 288 1904 dung
314 1872 341 1894 s.
360 1863 391 1899 9,
416 1863 472 1899 43,
511 1864 568 1894 lt:
594 1871 697 1902 nam,
729 1863 770 1893 ut
803 1862 879 1903 qui3

198 1910 251 1948 23,
280 1911 331 1947 15,
350 1909 387 1940 3:
414 1907 549 1945 deinde,
574 1909 616 1938 ut
639 1908 715 1948 qm}
743 1907 796 1946 25,
832 1908 882 1947 13,

200 1956 258 1986 14:
296 1963 360 1985 nec
397 1952 530 1984 vallum
565 1952 670 1984 modo
714 1954 884 1984 tutantur

196 2000 317 2039 Poeni,
334 1998 405 2040 sed,
428 2001 468 2030 at
484 1999 611 2039 quibus
625 2022 633 2030 .
649 2022 656 2030 .
671 1997 882 2036 deturbant;

199 2046 254 2084 29,
272 2045 302 2083 6,
323 2046 360 2081 7;
387 2045 440 2084 38,
459 2045 513 2083 37,
531 2046 569 2076 4:
585 2045 717 2085 itaque,
741 2046 783 2075 ut
807 2044 884 2085 qui-

199 2091 278 2127 bas3
307 2091 360 2127 36,
388 2091 424 2125 7,
451 2090 489 2121 4:
524 2090 630 2130 quin,
661 2091 704 2120 ut
734 2089 881 2130 quibam

200 2136 253 2176 36,
271 2136 326 2174 43,
343 2137 379 2168 6:
407 2137 481 2166 tum
499 2135 619 2175 etiam,
644 2137 686 2165 at
703 2144 808 2175 quae;
827 2135 883 2175 41,

199 2182 230 2216 2,
261 2182 380 2221 13.18,
402 2181 441 2213 12
457 2190 532 2212 u.a.
557 2197 602 2203 —
626 2179 799 2219 effusam*
827 2189 883 2210 ca-

201 2227 359 2267 liginem]
398 2236 424 2258 s.
451 2236 493 2258 zu
519 2226 573 2264 22,
602 2226 653 2264 19,
681 2226 710 2258 6.
745 2243 790 2248 —
823 2236 884 2256 ea:-

195 2273 381 2314 pectasset]
399 2281 426 2306 s.
446 2272 500 2311 32,
524 2272 572 2311 17,
598 2272 637 2303 4:
665 2270 884 2302 credidisset.

200 2336 244 2340 —
269 2328 402 2359 magna
423 2342 429 2348 .
453 2342 459 2349 .
484 2317 605 2355 missa]
631 2315 732 2348 sollte
758 2315 885 2358 Haupt-

203 2366 273 2394 satz
299 2363 390 2404 sein,
415 2362 482 2395 wie
515 2362 570 2394 bei
595 2360 761 2404 Polybios
785 2358 885 2405 ἀφει-

200 2406 272 2441 κώς
285 2409 387 2449 ἔτυχε
403 2410 463 2440 καὶ
486 2405 627 2440 πλείους
648 2407 717 2448 (bei
730 2406 800 2439 Liv.
814 2417 887 2439 ma-

199 2463 273 2494 gna
290 2480 295 2486 .
312 2455 499 2495 .gene7·is),
525 2453 569 2485 ist
595 2453 675 2485 aber
700 2452 828 2485 wieder
853 2452 887 2484 in

204 2498 257 2530 ein
291 2498 451 2532 kausales
487 2498 682 2531 Vei-balmis
715 2508 794 2531 zum
811 2497 888 2531 Fol-

206 2543 338 2586 genden
365 2548 537 2587 getreten;
565 2554 590 2577 s.
608 2554 650 2576 zu
672 2546 702 2585 5,
721 2545 776 2585 48,
796 2545 827 2577 6.
845 2562 886 2567 —

959 1194 1001 1198 —
1027 1175 1253 1217 aliquamdiu
1267 1199 1275 1208 .
1298 1200 1306 1208 .
1320 1175 1426 1216 fieret
1448 1176 1483 1219 (ξ
1503 1177 1568 1218 10)]
1594 1177 1640 1210 ist

958 1231 1025 1254 von
1051 1221 1122 1254 Liv.
1149 1221 1357 1262 ausgemalt;
1376 1221 1468 1255 Pol.:
1494 1219 1579 1255 τότε
1598 1219 1639 1254 δὲ

956 1264 1238 1309 πυνθανόμενος
1261 1264 1303 1299 τί.
1332 1269 1585 1310 συμβαίνοντα
1604 1292 1613 1300 .
1631 1292 1640 1301 .

955 1315 1015 1345 καὶ
1044 1312 1107 1354 τῆς
1142 1309 1289 1355 ἶμίχλης
1323 1309 1390 1355 ἤδη
1427 1310 1639 1358 διαφαινού-

955 1369 1027 1400 σης,
1052 1355 1309 1403 παρακαλέσας
1328 1385 1335 1392 .
1351 1384 1359 1391 .
1380 1357 1570 1401 ἐξέπεμψε.
1596 1378 1640 1384 —-

955 1405 1162 1446 trepidavit]
1190 1414 1215 1437 s.
1242 1405 1272 1444 8,
1303 1407 1360 1443 10;
1387 1407 1419 1445 3,
1444 1407 1499 1447 49,
1527 1407 1557 1439 6.

1000 1452 1030 1483 9.
1047 1451 1481 1491 postquam..instabant]
1506 1445 1637 1484 ‘immet

952 1491 1133 1537 drangtezt'
1150 1494 1341 1536 (Zustand);
1362 1505 1388 1528 s.
1408 1506 1450 1528 zu
1465 1497 1519 1536 24,
1534 1498 1589 1537 36,
1603 1499 1635 1531 8.

952 1560 994 1564 -
1021 1542 1107 1582 iuga
1128 1565 1135 1573 .
1151 1566 1158 1573 .
1177 1541 1319 1580 nebula]
1346 1551 1372 1575 S.
1398 1551 1441 1573 zu
1466 1542 1521 1582 22,
1542 1543 1573 1584 6,
1596 1544 1634 1581 9;

951 1586 1020 1629 vgl.
1048 1587 1115 1619 Cic.
1142 1585 1183 1618 de
1208 1597 1240 1618 n.
1267 1585 1298 1619 d.
1318 1587 1349 1628 2,
1367 1588 1426 1619 49:
1451 1587 1528 1620 sol.
1544 1590 1636 1621 ,ter-

950 1643 1011 1664 ras
1033 1657 1041 1664 .
1060 1657 1068 1665 .
1093 1635 1216 1674 opacet
1233 1642 1266 1665 u.
1286 1641 1316 1666 a.
1342 1651 1386 1656 —-
1412 1633 1637 1674 deteoeeratff

1001 1680 1052 1710 10.
1079 1678 1366 1710 committendam
1391 1703 1398 1709 .
1420 1702 1428 1710 .
1446 1680 1485 1710 in
1511 1678 1636 1711 discri-

951 1725 1042 1763 men]
1067 1718 1156 1756 ‘eine
1182 1722 1448 1756 entscheidende
1473 1722 1637 1758 Schlacht

951 1767 1098 1807 liefern’3
1135 1779 1160 1801 s.
1187 1770 1226 1810 3,
1261 1771 1317 1806 11;
1356 1768 1515 1802 dasselbe
1549 1770 1637 1813 tolgt

953 1817 984 1855 8,
1003 1816 1022 1848 2
1040 1814 1111 1847 und
1130 1816 1181 1854 12,
1210 1824 1264 1847 wo
1282 1814 1369 1847 auch
1386 1813 1553 1858 Polybios
1570 1815 1637 1848 den

952 1860 1150 1893 Entschluss
1174 1860 1339 1893 erwahnt.
1364 1879 1409 1884 —
1433 1863 1636 1903 utcumque]

953 1916 979 1939 s.
1006 1916 1048 1938 zu
1074 1907 1128 1946 32,
1155 1908 1185 1946 3,
1211 1908 1251 1939 4:
1276 1908 1470 1948 utcumque
1494 1909 1592 1940 esset.

1003 1954 1053 1984 11.
1071 1951 1354 1993 Athenagoram]
1369 1960 1395 1984 s.
1409 1953 1462 1992 32,
1473 1954 1554 1993 5,9;
1572 1951 1638 1985 Po-

951 1997 1067 2040 lybios
1084 1999 1190 2029 nennt
1212 1996 1299 2029 auch
1321 1996 1375 2029 die
1392 1996 1562 2030 Anfiihr'er
1578 1997 1638 2030 der

952 2042 1096 2085 tibrigen
1115 2040 1369 2084 Truppenteile.
1394 2061 1439 2065 —
1463 2041 1634 2084 Thracas}

954 2088 1027 2120 also
1045 2087 1169 2120 andere
1187 2087 1238 2120 als
1256 2087 1310 2120 die
1323 2089 1356 2129 4,
1373 2089 1412 2121 4:
1442 2087 1637 2121 Thracum-

955 2143 1020 2176 que
1046 2132 1302 2166 bezeichneten.

1002 2180 1053 2211 12.
1068 2189 1142 2210 non
1164 2178 1267 2211 ante*
1287 2178 1530 2220 restitmnffl]
1543 2178 1637 2213 Pol.:

953 2221 1071 2270 βραχὺ
1103 2219 1138 2256 δ’
1167 2219 1390 2265 ἀποσχόντες
1420 2227 1460 2257 ἑκ
1482 2227 1639 2268 μεταβο-

954 2267 1014 2311 λῆς
1046 2270 1216 2310 ἔστησαν.
1249 2289 1294 2293 -
1327 2269 1467 2310 vallem]
1503 2270 1638 2312 relativ,

956 2315 1002 2348 im
1019 2314 1210 2357 Gegensatz
1228 2325 1271 2347 zu
1285 2315 1344 2348 der
1356 2315 1519 2349 steileren
1531 2315 1638 2356 Hohe,

956 2371 1024 2394 von
1051 2359 1109 2393 der
1135 2361 1183 2393 sie
1209 2361 1386 2403 gettieben
1410 2371 1543 2398 warem
1567 2361 1637 2403 vgl.

958 2408 990 2446 8,
1015 2407 1050 2439 6:
1085 2407 1156 2438 ima
1192 2406 1299 2445 valle;
1334 2405 1522 2440 deutlicher
1547 2405 1639 2440 Pol.:

957 2447 1076 2484 οὐκέτι
1101 2447 1364 2493 συνηλάθησαν
1395 2452 1462 2485 ἕως
1486 2451 1534 2485 εἰς
1557 2449 1640 2484 τοὺς

958 2492 1149 2530 ἐπιπέδους
1172 2494 1314 2530 τόπους.

1007 2544 1058 2576 13.
1076 2542 1206 2582 effussa
1222 2567 1229 2574 .
1248 2568 1256 2575 .
1268 2540 1377 2586 fuga]
1392 2541 1483 2575 Pol.:
1501 2538 1552 2585 μὴ
1563 2542 1641 2587 τρέ-
