1747 2780
178 56 232 96 98
430 56 434 57 ⁷
650 58 775 92 LIBER
799 59 914 93 XXXI.
963 58 1058 94 CAP.
1084 63 1138 95 50.

1426 81 1450 99 a.
1470 80 1497 100 u.
1515 80 1539 100 c.
1557 75 1621 101 554.

126 182 144 214 5
177 176 226 214 M.
257 175 441 215 Aurelius
472 176 582 215 Cotta
614 176 809 215 decemvir
839 189 1041 217 sacrorum
1070 183 1271 227 mortuus;
1303 178 1343 217 in
1374 178 1456 217 eius
1487 177 1618 217 locum

175 232 237 271 M’.
260 233 407 272 Acilius
428 232 586 272 Glabrio
608 233 808 273 suffectus.

292 289 467 329 Comitiis
488 289 632 329 aediles
653 290 812 330 curules
842 291 963 330 creati
993 295 1086 330 sunt
1107 291 1208 330 forte
1230 290 1364 339 ambo,
1397 291 1464 342 qui
1485 290 1617 331 statim

179 347 360 398 occipere
382 347 650 398 magistratum
684 360 764 386 non
786 348 962 399 possent.
1018 359 1108 386 nam
1132 347 1172 387 C.
1196 347 1402 388 Cornelius
1423 347 1620 399 Cethegus

177 403 319 443 absens
358 409 512 443 creatus
552 409 657 452 erat,
704 416 792 443 cum
834 404 1065 456 Hispaniam
1107 404 1307 444 obtineret
1351 404 1617 456 provinciam;

128 467 145 498 7
177 460 216 499 C.
246 460 425 500 Valerius
446 460 629 508 Flaccus,
662 473 779 512 quem
802 467 1051 513 praesentem
1074 466 1322 509 creaverant,
1352 461 1442 513 quia
1472 462 1616 500 flamen

176 516 294 557 Dialis
316 522 417 565 erat,
440 517 569 556 iurare
590 517 631 556 in
653 517 760 569 leges
782 531 863 557 non
886 524 1059 570 poterat;
1088 519 1357 570 magistratum
1378 523 1508 558 autem
1529 518 1619 570 plus

126 581 143 611 S
176 574 352 626 quinque
374 574 468 623 dies,
498 574 573 614 nisi
594 575 662 625 qui
683 575 849 615 iurasset
869 575 909 615 in
932 576 1058 627 leges,
1082 588 1163 614 non
1185 575 1328 615 licebat
1347 587 1498 627 gerere.
1546 587 1623 626 pe-

176 637 284 670 tente
306 631 467 680 Flacco,
488 637 532 671 ut
551 631 705 683 legibus
725 631 962 680 solveretur,
986 637 1146 672 senatus
1167 632 1359 681 decrevit,
1380 637 1437 680 ut,
1458 631 1491 672 si
1511 631 1620 671 aedi-

176 688 236 736 lis,
259 688 327 739 qui
348 701 420 740 pro
443 701 484 728 se
504 688 670 736 iuraret,
693 688 883 728 arbitratu
905 689 1114 729 consulum
1135 690 1267 737 daret,
1291 689 1495 737 consules,
1517 688 1549 728 si
1571 688 1619 727 iis

126 752 144 783 9
172 745 383 793 videretur,
402 758 492 784 cum
508 745 679 785 tribunis
696 745 822 797 plebis
839 752 1015 797 agerent,
1038 746 1093 786 uti
1110 747 1157 785 ad
1180 746 1338 798 plebem
1355 747 1519 785 ferrent.
1551 745 1621 784 da-

176 808 251 851 tus,
274 802 341 854 qui
363 802 509 842 iuraret
529 815 602 854 pro
625 803 757 851 fratre,
781 803 824 841 L.
847 804 1024 843 Valerius
1045 803 1231 852 Flaccus,
1253 808 1414 855 praetor
1435 802 1621 854 designa·

177 865 250 899 tus.
292 859 441 899 tribuni
462 860 509 899 ad
530 859 688 911 plebem
708 860 899 908 tulerunt,
922 860 1136 912 plebesque
1158 860 1282 908 scivit,
1304 866 1349 899 ut
1368 859 1535 911 perinde
1557 872 1619 899 es-

113 925 146 956 10
176 921 246 964 set,
269 929 312 956 ac
329 917 361 956 si
377 916 461 968 ipse
478 916 611 956 aedilis
633 917 810 957 iurasset.
854 924 892 957 et
913 918 960 956 (le
983 918 1104 956 altero
1127 916 1251 956 aedile
1272 917 1416 956 scitum
1431 916 1537 968 plebi
1560 921 1619 956 est

176 974 344 1022 factunm
375 973 607 1024 rogantibus
636 973 827 1023 tribunis,
860 987 959 1026 quos
989 974 1089 1013 duos
1109 973 1150 1012 in
1173 973 1402 1025 Hispaniam
1432 985 1522 1012 cum
1543 972 1621 1011 im-

176 1031 288 1082 perio
311 1030 358 1069 ad
380 1031 574 1070 exercitus
596 1031 652 1070 ire
670 1030 865 1079 iuberent,
887 1037 931 1070 ut
953 1031 992 1070 C.
1016 1030 1224 1070 Cornelius
1245 1030 1378 1069 aedilis
1400 1029 1548 1069 curulis
1570 1029 1619 1068 ad

175 1199 296 1237 heirst,
331 1198 400 1239 vgl.
425 1197 499 1232 Pol.
531 1200 585 1240 22,
612 1201 665 1239 12,
694 1201 751 1232 10:
782 1195 864 1241 υἱὸς

174 1246 243 1280 τοῦ
284 1243 442 1291 πρώτου
487 1243 721 1288 συνθεμένου
765 1242 864 1290 πρὸς

178 1285 371 1332 Αἰτωλοὺς
396 1285 463 1335 τὴν
488 1290 716 1335 συμμαχίαν.

222 1339 252 1368 5.
278 1335 378 1379 Μ’.]*
395 1355 439 1359 -
455 1336 636 1376 suffectus]
656 1345 694 1368 so
712 1335 798 1368 wird
813 1336 864 1369 oft

175 1384 298 1424 gesagt
322 1384 406 1414 statt
430 1380 490 1414 des
509 1391 701 1423 genaueren
720 1385 863 1424 coopta-

177 1431 249 1465 ιω
269 1437 294 1459 s.
315 1428 369 1468 26,
387 1428 443 1469 23,
460 1429 498 1463 7:
519 1428 572 1467 27,
591 1429 621 1467 6,
644 1428 701 1466 16;
718 1426 788 1470 vgl.
807 1429 861 1468 40,

175 1474 229 1513 42,
262 1474 315 1506 11.

222 1520 253 1551 6.
279 1517 467 1558 comitiis*]
498 1514 551 1549 ‘in
577 1517 641 1550 den
667 1514 862 1557 Komitien';

178 1575 201 1597 s.
223 1565 253 1605 8,
275 1565 327 1604 13,
349 1565 408 1602 10;
428 1564 481 1604 39,
500 1564 554 1603 39,
570 1564 608 1602 93
626 1573 668 1596 zu
686 1565 740 1605 23,
760 1565 813 1605 14,
830 1565 862 1597 4.

175 1629 219 1632 —
245 1609 419 1651 occipere]
451 1619 477 1641 s.
503 1610 557 1649 23,
577 1610 629 1649 31,
651 1611 709 1647 13;
737 1608 804 1651 vgl.
833 1611 863 1650 1,

178 1657 208 1697 7,
234 1656 264 1688 6.
291 1673 333 1678 ——
362 1654 546 1696 Cethegus]
575 1664 600 1687 s.
626 1655 680 1695 49,
708 1656 738 1687 7.

222 1701 253 1733 7.
280 1699 314 1733 C.
333 1699 512 1740 Valerius]
535 1709 562 1732 s.
581 1701 635 1741 27,
655 1701 685 1741 8,
702 1702 738 1738 4;
758 1701 811 1740 32,
831 1701 861 1740 7,

180 1747 230 1779 14.
255 1764 299 1769 -—
324 1746 454 1785 flamen
478 1745 607 1785 Dialis]
641 1755 667 1778 s.
694 1744 779 1778 Gell.
809 1747 862 1786 10,

180 1793 230 1832 15,
248 1793 284 1824 4:
303 1793 428 1823 iurare
440 1791 580 1823 Dialem
593 1790 652 1830 fas
667 1801 863 1833 numquam

176 1839 239 1874 est;
258 1836 327 1879 vgl.
346 1835 459 1879 Lange
481 1838 508 1877 1,
527 1837 603 1869 270.
623 1855 663 1860 --
682 1837 807 1868 iurare
823 1838 862 1868 in

177 1882 281 1924 leges]
308 1881 409 1914 naml.
434 1881 508 1915 dass
535 1892 570 1915 er
595 1881 654 1915 das
672 1881 751 1914 Amt
774 1881 862 1914 nach

176 1927 361 1960 denselben
383 1927 514 1969 fabren,
531 1927 585 1960 die
606 1927 674 1959 ihm
692 1927 779 1960 nach
797 1927 862 1960 den

177 1972 345 2006 Gesetzen
394 1972 601 2005 zustehende
650 1972 861 2015 Kompetenz

177 2018 270 2050 nicht
294 2017 550 2050 fiberschreiten
575 2018 694 2056 wolle;
722 2018 781 2050 der
806 2019 860 2059 29,

177 2065 231 2104 37,
252 2064 292 2096 12
310 2062 485 2095 erw‘ahnte
504 2062 564 2095 Eid
585 2063 766 2105 entsprach
784 2062 860 2095 dem

176 2108 248 2141 hier
273 2107 514 2150 angeffihrtem
541 2118 567 2141 s.
592 2107 707 2150 Lange
735 2110 763 2148 1,
783 2109 859 2141 521.

223 2156 253 2187 8.
277 2164 345 2196 pro
361 2164 396 2185 se
413 2155 564 2193 iuraret]
584 2153 637 2186 ein
654 2152 860 2186 Auskunfts—

176 2199 299 2241 minei,
324 2199 475 2232 welches
500 2198 681 2239 andeutet‚
708 2198 780 2231 dass
805 2198 860 2231 die

175 2243 860 2288 altenreligifisenBestimmungensehon

175 2290 244 2323 viel
275 2300 343 2323 von
376 2289 465 2323 ihrer
494 2289 679 2333 Heiligkeit
702 2290 861 2323 verloren

175 2335 304 2369 hatten.
320 2354 366 2360 -—
382 2337 614 2377 arbitratu..]
635 2335 688 2368 die
706 2335 860 2369 Konsuln

176 2381 286 2414 sollen
311 2381 398 2414 nach
422 2381 528 2415 ihrem
555 2380 761 2414 Gutdiinken
787 2383 860 2414 ent-

176 2426 347 2468 scheiden,
373 2427 416 2460 ob
442 2426 500 2460 der
526 2426 778 2460 Stellvertreter
803 2436 860 2459 an-

176 2471 339 2505 nehmbar
356 2472 416 2505 sei.
435 2492 476 2496 -—
496 2473 544 2505 ad
555 2472 691 2515 plebem
706 2471 859 2512 ferrent]

176 2527 248 2550 was
267 2517 315 2550 sie
332 2517 541 2561 beantragen
561 2517 681 2560 sollen,
699 2518 779 2561 geht
799 2527 859 2552 aus

112 1094 145 1128 11
177 1088 447 1139 magistratum
469 1087 689 1139 gerendum
709 1088 874 1135 veniret,
897 1093 935 1127 et
955 1087 998 1127 L.
1016 1087 1184 1127 Manlius
1200 1087 1388 1126 Acidinus
1410 1086 1621 1126 decederet

933 1199 1010 1233 dem
1035 1198 1351 1242 Zusammenhange
1375 1200 1416 1241 (s.
1443 1197 1464 1241 ξ
1485 1198 1519 1240 9)
1543 1198 1622 1232 her-

933 1255 1004 1278 vor.
1034 1244 1095 1278 Die
1109 1244 1213 1278 Plebs
1231 1244 1408 1278 entbindet
1421 1244 1507 1278 auch
1521 1247 1624 1278 sonst

934 1301 1000 1324 von
1026 1290 1090 1323 den
1117 1290 1304 1330 Gesetzen;
1329 1300 1356 1324 s.
1386 1292 1438 1332 10,
1465 1291 1518 1332 13,
1543 1291 1575 1323 9.

978 1338 1009 1369 9.
1036 1336 1153 1377 datus]
1171 1336 1272 1369 niiml.
1291 1337 1334 1368 ab
1351 1335 1480 1375 aedile;
1503 1345 1529 1369 s.
1547 1336 1567 1377 ξ
1586 1337 1618 1369 8.

932 1401 975 1405 -
994 1381 1148 1424 perinde
1171 1383 1271 1422 esset]
1290 1381 1356 1414 wie
1374 1381 1479 1414 aliter
1495 1384 1547 1413 est
1561 1382 1617 1423 28,

935 1428 986 1468 18,
1004 1429 1038 1464 13
1056 1429 1167 1470 prout
1184 1430 1234 1459 est
1252 1428 1305 1468 38,
1325 1429 1377 1467 50,
1397 1429 1416 1460 5
1433 1437 1466 1459 u.
1481 1436 1528 1465 a.;
1546 1426 1619 1469 vgl.

932 1473 986 1511 23,
1011 1474 1065 1511 44,
1094 1474 1130 1511 1,
1157 1472 1284 1506 ebenso
1304 1472 1459 1515 proinde
1483 1471 1619 1511 valere3

932 1528 958 1550 s.
974 1517 1041 1550 Cic.
1056 1517 1097 1550 de
1114 1517 1182 1560 leg.
1197 1519 1227 1558 2,
1246 1519 1306 1557 49;
1324 1516 1438 1556 Quint.
1458 1519 1489 1559 7,
1510 1520 1538 1559 1,
1556 1519 1617 1556 60;

932 1563 1018 1596 auch
1043 1563 1077 1595 in
1104 1562 1288 1602 Gesetzen;
1315 1573 1341 1596 s.
1368 1562 1471 1596 Gaius
1497 1565 1528 1605 3,
1553 1564 1617 1602 56;

931 1608 1055 1651 Ulpian
1080 1608 1120 1642 fr.
1148 1610 1177 1649 1,
1205 1610 1256 1642 12.

981 1656 1032 1687 10.
1051 1654 1094 1686 de
1115 1654 1249 1686 altero.
1264 1654 1285 1696 .]
1301 1653 1356 1687 ein
1369 1652 1527 1686 Gleiches
1545 1662 1617 1686 war

933 1701 986 1740 29,
1004 1701 1055 1739 11,
1080 1700 1120 1733 12
1141 1699 1235 1732 nicht
1257 1698 1462 1742 geschehen.
1484 1717 1529 1722 —
1548 1700 1615 1731 sei-

933 1748 1007 1777 tam
1019 1745 1126 1788 plebi]
1145 1755 1171 1778 S.
1185 1747 1217 1787 2,
1231 1746 1286 1786 42,
1301 1746 1339 1783 6;
1359 1743 1617 1787 gewsshnlicher

918 1791 977 1831 ,ist
996 1791 1091 1833 plebi
1110 1791 1249 1834 (plebis)
1270 1792 1410 1823 scitum.
1430 1809 1474 1814 —
1493 1791 1532 1821 in
1556 1790 1619 1822 Hi-

930 1838 1094 1879 spaniam
1108 1861 1116 1869 .
1132 1860 1141 1869 .
1155 1837 1204 1868 ad
1227 1837 1417 1875 emera-itus]
1443 1834 1497 1868 die
1514 1834 1617 1868 Kom-

932 1885 1056 1925 petenz
1079 1881 1138 1915 der
1160 1892 1201 1914 zu
1218 1880 1433 1914 W'ahlenden
1454 1879 1540 1914 wird
1557 1880 1615 1914 da-

932 1927 1037 1960 durch
1051 1927 1243 1966 bestimmt;
1262 1926 1422 1968 obgleich
1439 1925 1615 1959 dieselhen

933 1973 966 2005 in
998 1972 1056 2005 der
1081 1971 1227 2005 Provinz
1261 1971 1348 2004 auch
1372 1971 1426 2004 die
1452 1971 1620 2004 Civilver·

932 2017 1085 2060 waltung
1110 2017 1232 2050 haben.

979 2065 1030 2096 11.
1068 2063 1196 2095 multos
1228 2065 1310 2105 post
1342 2062 1467 2104 annos]
1501 2072 1528 2096 S.
1559 2063 1614 2103 28,

931 2108 1323 2150 38,1;vg1.29,13‚7;
1353 2109 1406 2150 30,
1421 2109 1475 2149 41,
1488 2110 1520 2141 4.
1551 2106 1616 2140 Die

930 2153 1048 2186 Worte
1069 2156 1111 2185 ut
1124 2179 1132 2187 .
1147 2178 1154 2186 .
1169 2164 1284 2186 annos
1305 2153 1381 2186 sind
1400 2153 1454 2186 die
1473 2151 1616 2194 Motive,

931 2210 1018 2241 quos
1031 2224 1039 2232 .
1054 2224 1062 2232 .
1076 2200 1240 2231 iuberent
1262 2199 1320 2232 der
1336 2198 1446 2232 Inhalt
1468 2197 1528 2231 der
1543 2196 1610 2232 Ro-

930 2254 969 2287 ga
977 2245 1057 2277 tion.
1080 2263 1123 2269 —-
1141 2244 1304 2285 Lentulo]
1323 2244 1368 2278 ist
1384 2243 1615 2277 wahrschein-

930 2290 998 2323 lich
1016 2290 1070 2322 ein
1087 2290 1206 2323 Iri-tum
1227 2290 1288 2324 des
1308 2289 1379 2323 Liv.
1394 2291 1435 2331 (s.
1449 2292 1481 2326 4.
1503 2290 1548 2330 3),
1570 2288 1612 2322 da

932 2335 990 2368 der
1003 2335 1074 2368 hier
1088 2335 1252 2369 Lentulus
1262 2335 1440 2369 Genannte
1451 2335 1504 2375 33,
1518 2335 1573 2376 27,
1591 2336 1605 2367 1

930 2380 1043 2414 Blasio
1066 2380 1180 2422 heirst,
1200 2381 1271 2414 und
1285 2381 1356 2414 sich
1370 2380 1472 2413 kaurn
1486 2379 1614 2412 anneh-

931 2437 1007 2460 men
1032 2426 1123 2467 lasst,
1145 2426 1219 2460 dass
1241 2426 1295 2459 ein
1316 2425 1418 2459 Mann
1439 2426 1506 2459 wie
1528 2424 1612 2458 Len-

931 2472 1022 2506 tulus
1044 2477 1086 2512 (ε.
1107 2474 1160 2513 30,
1176 2474 1230 2514 40,
1247 2474 1280 2512 5)
1304 2472 1339 2505 in
1361 2471 1472 2505 dieser
1494 2470 1612 2505 Weise

930 2517 1017 2551 nach
1044 2517 1229 2560 Hispanien
1261 2516 1438 2561 geschickt
1471 2515 1611 2552 worden
