1795 2844
495 79 618 113 LIBER
645 79 804 112 XXXllll.
855 78 950 113 CAP.
979 81 1034 113 56.
1062 80 1118 113 57.
1463 74 1541 113 173

93 99 120 120 a.
141 92 206 119 Chr.
227 99 256 118 n.
278 91 338 118 193.

95 197 370 248 Flaminioque
403 203 514 235 terna
545 195 651 235 milia
673 195 945 234 Romanorum
976 195 1173 246 peditum,
1204 193 1361 233 centeni
1394 195 1546 246 equites

95 255 138 294 in
160 254 481 307 supplementum
504 261 540 292 et
564 254 684 305 quina
704 252 811 292 milia
833 252 984 291 socium
1001 252 1129 291 Latini
1153 251 1326 290 nominis
1349 258 1384 290 et
1402 252 1545 292 duceni

96 311 249 364 equites
270 311 431 359 decreti,
453 311 760 362 mandatumque
782 309 1045 362 praetoribus,
1069 316 1111 348 ut
1132 316 1284 348 veteres
1300 309 1546 350 dimitterent

95 369 254 416 milites,
278 381 368 408 cum
390 369 430 408 in
453 368 695 421 provinciam
718 367 932 407 venissent.
979 379 1068 405 cum
1091 367 1247 413 milites,
1271 366 1338 418 qui
1360 366 1399 405 in
1423 367 1547 418 legio-

98 426 215 466 nibus
235 426 399 466 urbanis
421 432 544 471 erant,
567 426 794 477 frequentes
814 423 997 463 tribunos
1018 424 1148 476 plebei
1170 425 1356 470 adissent,
1378 424 1436 464 uti
1454 437 1547 464 cau-

96 496 159 524 sas
189 491 479 535 cognoscerent
500 495 660 530 eorum,
691 481 835 534 quibus
856 488 922 521 aut
952 481 1113 520 emerita
1135 481 1330 533 stipendia
1352 489 1418 521 aut
1440 494 1547 522 mor-

95 541 173 581 bus
203 553 342 581 causae
374 548 526 587 essent,
559 552 637 592 quo
667 540 800 578 minus
829 538 1063 585 militarent,
1093 551 1176 577 eam
1199 551 1283 578 rem
1311 538 1466 579 litterae
1488 540 1547 580 Ti.

98 598 325 652 Sempronii
342 598 628 642 discusserunt,
651 597 690 636 in
715 596 859 648 quibus
876 595 1067 648 scriptum
1086 602 1182 643 erat,
1206 596 1396 648 Ligurum
1414 598 1549 637 decem

97 655 204 696 milia
225 656 266 695 in
297 668 434 707 agrum
456 655 730 694 Placentinum
760 654 913 693 venisse
935 660 974 692 et
996 665 1086 692 eum
1118 666 1244 705 usque
1266 654 1312 693 ad
1335 654 1419 706 ipsa
1442 654 1549 694 colo-

99 713 188 753 niae
209 714 366 753 moenia
388 721 426 752 et
446 712 538 752 Padi
566 712 672 764 ripas
694 724 783 751 cum
815 711 1001 751 caedibus
1022 717 1060 749 et
1089 711 1285 750 incendiis
1307 713 1549 764 perpopula-

97 777 160 810 tos
181 783 286 819 esse;
317 770 507 810 Boiorum
539 782 697 822 quoque
719 776 879 820 gentem
902 768 949 807 ad
979 768 1239 807 rebellionem
1262 776 1453 821 spectare.
1501 770 1550 810 ob

100 840 165 868 eas
192 840 257 867 res
295 827 510 867 tumultum
548 840 633 866 esse
666 827 838 866 decrevit
873 832 1054 873 senatus;
1090 825 1273 865 tribunos
1304 826 1431 878 plebei
1470 841 1551 867 non

98 885 256 938 placere
277 897 415 925 causas
435 884 616 924 militaris
638 896 902 935 cognoscere,
934 896 1012 935 quo
1035 883 1168 922 minus
1189 884 1235 923 ad
1259 884 1430 923 edictum
1454 898 1551 924 con·

97 942 312 982 veniretur.
362 942 593 982 adiecerunt
615 942 744 989 etiam,
777 948 820 981 ut
843 941 939 980 socii
961 941 1135 980 nominis
1156 940 1299 985 Latini,
1334 942 1401 993 qui
1424 942 1464 982 in
1487 956 1553 982 ex-

100 1000 224 1039 ercitu
254 999 298 1039 Ρ.
321 999 494 1039 Cornelii
516 999 576 1038 Ti.
600 999 827 1051 Sempronii
860 999 1028 1038 fuissent
1059 1005 1097 1037 et
1127 998 1277 1037 dimissi
1308 998 1356 1038 ab
1387 999 1434 1038 iis
1456 1012 1553 1040 con-

98 1056 252 1097 sulibus
273 1063 418 1103 essent,
440 1063 498 1103 ut,
520 1057 567 1096 ad
591 1069 706 1109 quam
730 1057 832 1096 diem
850 1056 894 1095 L.
913 1055 1122 1095 Cornelius
1143 1055 1283 1095 consul
1306 1057 1492 1096 edixisset
1515 1064 1554 1097 et

99 1114 141 1154 in
173 1127 289 1167 quem
319 1114 452 1154 locum
483 1115 666 1154 edixisset
696 1114 899 1159 Etruriae,
931 1113 1210 1161 convenirent,
1243 1121 1279 1152 et
1312 1114 1368 1153 uti
1390 1114 1433 1153 L.
1457 1115 1554 1154 Cor-

100 1171 229 1212 nelius
250 1171 392 1211 consul
413 1173 454 1211 in
477 1172 718 1224 provinciam
742 1171 1000 1223 proficiscens
1022 1171 1061 1209 in
1085 1171 1243 1223 oppidis
1259 1171 1455 1224 agrisque,
1479 1185 1555 1224 qua

98 1229 227 1269 iturus
250 1237 364 1278 esset,
386 1230 419 1269 si
442 1241 542 1282 quos
564 1229 597 1268 ei
619 1229 839 1276 videretur,
870 1227 1016 1267 milites
1037 1227 1225 1267 scriberet
1248 1237 1496 1282 armaretque
1519 1236 1555 1269 et

99 1286 262 1326 duceret
283 1299 416 1326 secum
431 1317 440 1334 ,
472 1287 773 1339 dimittendique
796 1286 852 1334 ei,
885 1298 984 1337 quos
1008 1297 1145 1324 eorum
1168 1286 1407 1338 quandoque
1428 1286 1555 1329 vellet,

100 1356 163 1383 lus
184 1352 299 1384 esset.

215 1401 431 1454 Postquam
450 1401 635 1440 consules
652 1400 797 1440 dilectu
816 1400 949 1439 habito
968 1400 1135 1453 profecti
1152 1401 1192 1439 in
1211 1401 1434 1453 provincias
1451 1409 1556 1449 sunt,
1581 1404 1596 1433 ἴ

100 1465 185 1498 tum
209 1458 254 1497 T.
277 1458 486 1504 Quinctius
515 1458 748 1511 postulavit,
780 1464 823 1497 ut
846 1458 893 1497 de
915 1458 984 1505 iis,
1017 1471 1115 1509 quae
1139 1470 1227 1497 cum
1261 1459 1397 1498 decem
1420 1459 1557 1510 legatis

99 1517 186 1569 ipse
216 1517 437 1563 statuisset,
472 1522 633 1555 senatus
661 1516 814 1555 audiret
836 1528 981 1567 eaque,
1012 1515 1043 1553 si
1071 1515 1291 1567 videretur,
1324 1517 1558 1556 auctoritate

147 1597 179 1629 9.
205 1605 332 1627 causas
357 1596 625 1637 cognoscerent]
651 1604 677 1627 s.
693 1596 725 1636 3,
740 1596 794 1635 69,

101 1642 140 1680 63
167 1640 222 1674 die
248 1639 423 1674 Tribunen
449 1640 572 1682 sollen,
598 1650 671 1673 was
697 1644 793 1673 sonst

100 1686 166 1719 den
193 1685 400 1720 Feldherren
426 1686 575 1725 zusteht,
600 1686 709 1719 selbst
733 1697 796 1719 un·

101 1732 297 1773 tersuchen,
323 1732 393 1765 und
419 1731 478 1765 der
504 1731 609 1765 Senat
635 1734 676 1773 (s.
695 1733 714 1774 ξ
736 1734 794 1765 11;

100 1788 174 1811 non
194 1778 354 1821 placere)
371 1777 517 1811 erkennt
535 1778 588 1810 ihr
605 1777 715 1811 Recht
741 1788 794 1818 an,

101 1824 264 1867 obgleich
295 1823 455 1857 dasselbe
491 1823 578 1856 nach
611 1825 668 1865 42,
695 1825 749 1863 32,
776 1826 793 1855 ’7

103 1869 238 1913 streitig
251 1880 334 1903 war.
344 1889 388 1894 —
401 1871 552 1902 emerita
565 1870 758 1913 stipendia]
770 1866 807 1903 s.'

102 1917 136 1957 4,
147 1916 251 1957 60‚4;
268 1915 558 1948 wahrscheinlich
576 1925 689 1949 waren
706 1915 796 1949 viele

103 1961 339 2003 ausgehoben,
356 1961 412 1994 die
428 1961 463 1993 in
481 1961 546 1994 den
563 1961 688 2004 langen
702 1961 798 1995 Krie-

104 2016 171 2049 gen
197 2007 325 2040 bereits
345 2007 417 2039 ihre
436 2007 646 2049 gesetzliche
663 2007 796 2040 Anzahl

104 2052 278 2096 Feldzsige
304 2053 465 2095 gemacht
488 2053 621 2086 hatten.
643 2072 687 2078 —
714 2064 798 2086 cau-

103 2097 179 2142 sae]
204 2099 250 2132 ist
275 2098 393 2138 Dativ;
421 2099 476 2140 38,
498 2100 553 2139 52,
572 2101 608 2137 3;
633 2116 679 2128 ==
702 2095 799 2132 ‘Ver-

104 2140 452 2187 hinderungsgrund';
480 2144 585 2177 daher
603 2145 623 2187 ξ
642 2147 701 2178 11:
728 2155 797 2187 quo

104 2192 242 2228 minum
268 2191 354 2224 fiber
378 2189 434 2223 die
459 2189 597 2223 Konstr.
616 2201 643 2223 5.
663 2192 717 2230 24,
746 2193 798 2233 16,

109 2236 170 2273 13;
195 2237 251 2277 40,
269 2237 324 2277 26,
342 2239 380 2275 5;
407 2235 488 2269 Tac.
514 2237 601 2269 Ann.
629 2238 660 2277 1,
688 2238 741 2269 14.

157 2283 209 2315 10.
235 2282 353 2314 decem
386 2283 501 2323 milia]
535 2282 628 2315 wohl
660 2282 715 2315 ein
740 2292 799 2315 an·

108 2325 208 2360 detes
220 2327 308 2360 Heer
316 2327 368 2361 als
381 2327 402 2370 ξ
421 2329 452 2361 2.
476 2347 521 2352 —-
538 2329 798 2368 Placentinum]

110 2381 138 2405 S.
162 2374 218 2414 22,
236 2374 266 2407 3.
284 2375 339 2415 47,
357 2374 389 2406 8.
414 2393 458 2397 -
482 2374 668 2414 Boiorum]
695 2383 801 2416 unge-

111 2418 227 2451 achtet
252 2418 312 2452 des
338 2417 458 2461 Sieges
483 2422 541 2461 47,
566 2422 598 2453 8.

158 2466 211 2498 11.
237 2464 429 2496 tumultum
451 2466 534 2507 esse]
562 2465 616 2498 bei
643 2465 718 2498 dem
745 2465 800 2498 die

108 2510 310 2543 vacationes
327 2509 520 2551 aufhorten,
545 2511 615 2544 und
633 2511 693 2544 das
717 2511 738 2554 ξ
759 2512 799 2544 13

108 2555 355 2590 beschriebene
381 2555 571 2590 Verfahren
605 2558 746 2599 eintrat;
773 2567 799 2589 s.

867 1595 921 1635 32,
940 1595 995 1635 26,
1010 1593 1063 1628 9f.
1106 1594 1172 1627 Zur
1198 1593 1335 1628 Konstr.
1360 1595 1429 1638 vgl.
1451 1597 1505 1636 25,
1526 1598 1559 1631 4.

868 1642 898 1673 7.
923 1660 967 1663 —
995 1650 1122 1672 causas
1143 1640 1331 1682 militaris]
1354 1641 1558 1684 allgemeine

867 1685 1112 1728 Bezeichnung
1150 1685 1209 1719 der
1242 1686 1462 1721 Hindernisse
1497 1688 1556 1721 des

865 1731 1154 1774 Kriegsdienstes.

916 1780 969 1811 12.
994 1781 1035 1809 ut
1053 1803 1060 1810 .
1080 1803 1089 1811 .
1106 1776 1159 1821 ut]
1187 1787 1213 1810 s.
1234 1780 1264 1818 8,
1283 1780 1397 1820 6,1-1;
1423 1780 1477 1820 22,
1506 1781 1559 1819 11,

868 1826 887 1857 4
915 1834 947 1856 u.
967 1834 1012 1862 a.;
1038 1823 1107 1866 vgl.
1126 1825 1159 1861 9.
1177 1825 1231 1865 30,
1250 1826 1281 1858 6.

918 1871 968 1903 13.
991 1880 1061 1912 qua
1082 1872 1201 1902 iturus
1223 1872 1324 1910 esset]
1347 1880 1374 1903 s.
1388 1872 1443 1909 40,
1459 1872 1513 1906 26,
1528 1872 1559 1904 6.

867 1935 911 1938 -
948 1918 980 1947 si
1016 1926 1104 1957 quos
1145 1917 1178 1947 ei
1219 1916 1415 1956 videretur]
1457 1916 1560 1948 niiml.

865 1963 1039 2002 seribereg
1074 1961 1162 1994 doch
1195 1961 1240 1994 ist
1265 1961 1320 1994 die
1345 1961 1562 1995 Ausdrucks-

869 2007 974 2040 weise
1008 2007 1295 2050 ungewohnlich‚
1330 2007 1371 2041 da
1404 2008 1477 2041 sich
1503 2018 1561 2050 ge-

869 2053 1045 2085 wohnlich
1079 2064 1142 2086 nur
1173 2052 1233 2086 das
1271 2053 1467 2087 Relatimm
1498 2053 1562 2086 fin-

869 2099 941 2137 det;
969 2109 994 2132 s.
1021 2109 1064 2131 zu
1082 2101 1113 2140 6,
1132 2101 1187 2140 26,
1205 2101 1224 2133 2
1250 2100 1320 2133 und
1347 2101 1401 2141 31,
1417 2102 1447 2134 3.
1463 2102 1481 2132 2
1499 2114 1505 2137 ς
1532 2102 1563 2131 si

871 2147 933 2187 qui
957 2145 1093 2178 vei-tritt
1118 2146 1173 2177 ein
1192 2145 1561 2189 verallgemeinerndes

870 2190 1024 2228 Relativ;
1043 2200 1070 2223 s.
1086 2192 1141 2233 50,
1157 2192 1194 2229 3;
1214 2192 1282 2234 vgl.
1303 2193 1357 2232 38,
1378 2193 1430 2231 11,
1445 2193 1487 2229 4;
1506 2193 1562 2232 44,

870 2238 925 2275 29,
944 2238 983 2269 4:
1006 2240 1263 2279 praeterquam
1279 2240 1312 2270 si
1342 2239 1414 2280 qai.
1441 2256 1485 2260 -—
1510 2236 1562 2268 di-

869 2283 1104 2324 mittendique
1122 2307 1130 2315 .
1149 2282 1169 2324 .]
1190 2293 1262 2316 was
1280 2288 1376 2317 sonst
1395 2293 1457 2315 nur
1475 2282 1562 2315 nach

871 2327 931 2361 der
947 2328 1160 2370 Anordnung
1178 2327 1238 2361 des
1258 2327 1382 2362 Senats
1401 2328 1563 2371 geschah.

916 2372 1072 2409 57-59.
1098 2372 1389 2417 Verhandlungen
1410 2374 1471 2406 mit
1498 2373 1562 2406 den

871 2419 1067 2452 Gesandten
1097 2418 1158 2451 des
1197 2419 1326 2462 K6nigs
1359 2420 1563 2454 Antiochus,

870 2464 968 2498 Diod.
994 2466 1049 2505 28,
1080 2467 1135 2503 17;
1161 2465 1249 2508 App.
1277 2465 1353 2509 Syr.
1381 2468 1411 2500 6.

920 2513 950 2543 1.
983 2509 1071 2553 tum]
1098 2520 1124 2543 s.
1151 2520 1192 2543 zu
1219 2513 1274 2551 28,
1299 2514 1330 2545 9.
1356 2531 1400 2536 -
1427 2522 1563 2554 qnae..

871 2555 1066 2599 statuisset]
1086 2556 1306 2599 gewohnlich
1325 2557 1427 2591 heisst
1444 2567 1481 2590 es
1501 2567 1562 2590 nur

1581 604 1618 635 10

1582 774 1619 806 11

1586 946 1622 978 12

1588 1118 1623 1150 13
