1795 2844
105 99 132 118 a.
151 90 218 118 ctu.
238 96 268 115 n.
288 89 346 116 198.
574 76 701 110 LIBER
724 76 857 111 xxxn.
907 75 1001 112 CAP.
1030 80 1082 114 16.
1479 76 1558 116 129

106 194 290 241 navibus,
322 206 422 245 quae
445 193 570 233 Piraei
600 194 779 239 fuerant,
812 193 929 232 Attali
956 194 1061 245 regis
1091 194 1262 234 adventu
1290 195 1422 234 audito
1453 197 1559 235 venit

105 252 236 299 iussis,
258 256 300 290 ut
321 263 503 303 quaeque
520 263 565 289 ex
583 263 652 290 sua
674 250 798 290 classe
822 250 1020 290 venissent
1037 264 1168 299 naves,
1186 251 1387 291 Euboeam
1409 258 1557 304 petere.

105 308 260 349 Eretria
286 321 439 348 summa
461 308 497 348 vi
528 307 856 360 oppugnabatur;
888 320 979 346 nam
1001 314 1038 347 et
1065 309 1185 348 trium
1214 309 1439 349 iunctarum
1463 311 1561 350 clas-

106 367 209 406 sium
231 378 349 406 naves
372 366 502 406 omnis
523 365 682 416 generis
710 371 908 404 tormenta
936 366 1218 417 machinasque
1241 367 1288 406 ad
1310 367 1468 406 urbium
1491 381 1558 407 ex-

105 423 206 463 cidia
235 435 369 463 secum
400 422 633 475 portabant,
665 428 703 461 et
725 422 809 473 agri
837 422 996 461 adfatim
1028 424 1212 462 materiae
1242 424 1489 476 praebebant
1510 426 1559 464 ad

106 493 206 520 nova
236 480 435 520 molienda
457 492 591 532 opera.
634 480 823 532 oppidani
845 479 973 531 primo
997 476 1133 535 [haud]
1156 481 1323 534 impigre
1344 482 1561 523 tuebantur

105 538 276 585 moenia,
300 538 392 577 dein
410 538 502 578 fessi
519 537 794 588 vulneratique
810 537 972 588 aliquot,
995 549 1086 576 cum
1104 544 1140 576 et
1158 539 1261 578 muri
1277 545 1430 590 partem
1447 552 1557 579 ever-

105 607 187 635 sam
206 595 396 647 operibus
416 595 590 635 hostium
612 600 838 642 cernerent,
861 595 908 634 ad
925 594 1169 634 deditionem
1191 596 1448 636 inclinarunt.
1492 597 1560 637 sed

106 652 346 705 praesidium
379 658 464 692 erat
487 652 777 700 Macedonum,
808 664 908 703 quos
941 665 1023 691 non
1056 652 1189 692 minus
1219 665 1335 704 quam
1356 654 1559 694 Romanos

105 709 349 757 metuebant,
366 716 404 748 et
415 709 611 749 Philocles
626 709 758 761 regius
773 710 999 762 praefectus
1015 721 1035 748 a
1049 709 1230 749 Chalcide
1250 711 1412 750 nuntios
1427 712 1558 751 mitte-

104 766 169 806 bat
191 780 233 806 se
261 767 301 806 in
323 772 503 818 tempore
536 766 780 813 adfuturum,
813 767 845 806 si
877 767 1122 806 sustinerent
1154 767 1413 807 obsidionem.
1463 769 1560 808 baec

104 824 227 864 mixta
246 830 356 863 metu
378 836 470 876 spes
489 824 612 872 ultra,
644 837 762 876 quam
793 824 937 863 vellent
960 830 1025 863 aut
1048 836 1165 875 quam
1188 831 1370 876 possent,
1403 827 1558 866 trahere

104 893 175 921 eos
190 887 350 933 tempus
370 881 559 934 cogebat,
583 881 739 929 deinde,
762 888 973 934 postquam
991 881 1195 921 Philoclen
1218 882 1423 934 repulsum
1438 883 1561 935 trepi-

103 939 345 990 dantemque
360 939 555 990 refugisse
572 939 797 979 Chalcidem
819 946 1075 991 acceperunt,
1098 946 1276 979 oratores
1298 940 1493 992 extemplo
1512 941 1560 979 ad

103 996 278 1036 Attalum
307 996 463 1036 veniam
494 997 692 1048 fidemque
715 997 800 1037 eius
820 997 995 1048 petentis
1023 997 1230 1037 miserunt.
1273 997 1366 1036 dum
1388 998 1427 1037 in
1450 1010 1561 1050 spem

104 1053 214 1105 pacis
236 1053 380 1093 intenti
401 1054 565 1106 segnius
586 1067 753 1094 munera
774 1054 866 1093 belli
890 1053 1042 1093 obeunt
1065 1061 1101 1093 et
1125 1067 1168 1094 ea
1190 1055 1307 1094 modo
1329 1062 1459 1106 parte,
1483 1068 1558 1107 qua

103 1123 244 1151 murus
264 1110 420 1151 dirutus
441 1118 536 1159 erat,
559 1112 703 1151 ceteris
724 1111 917 1163 neglectis
937 1111 1126 1151 stationes
1148 1119 1316 1152 armatas
1334 1119 1558 1164 opponunt,

105 1167 317 1214 Quinctius
339 1174 462 1208 noctu
483 1168 532 1207 ab
556 1181 600 1208 ea
622 1175 755 1221 parte,
778 1181 879 1220 quae
901 1168 1065 1208 minime
1086 1176 1269 1221 suspecta
1291 1176 1385 1216 erat,
1408 1169 1559 1222 impetu

103 1226 206 1265 facto
223 1225 338 1265 scalis
353 1225 493 1265 urbem
511 1226 628 1278 cepit.
669 1226 963 1279 oppidanorum
980 1226 1111 1266 omnis
1125 1226 1336 1266 multitudo
1353 1239 1444 1266 cum
1463 1239 1561 1266 con-

103 1282 264 1335 iugibus
285 1295 329 1322 ac
350 1282 487 1323 liberis
507 1283 547 1322 in
570 1296 702 1323 arcem
725 1283 922 1334 confugit,
952 1283 1094 1323 deinde
1114 1284 1154 1323 in
1177 1284 1419 1323 deditionem
1439 1285 1558 1324 venit.

103 1340 299 1392 pecuniae
320 1340 487 1392 aurique
505 1347 543 1380 et
556 1341 710 1393 argenti
727 1341 829 1380 haud
847 1353 942 1380 sane
962 1340 1133 1380 multum
1149 1341 1243 1394 fuit3
1266 1341 1378 1393 signa
1395 1350 1427 1382 et
1445 1342 1559 1381 tabu-

151 1454 183 1487 9.
208 1454 337 1486 iussis.
353 1453 527 1496 .petere*]
553 1453 623 1495 vgl.
643 1453 699 1496 ἓ
683 1467 719 1492 ῦς
752 1471 795 1482 =

101 1494 284 1532 ‘nachdem
315 1509 351 1532 er
382 1498 447 1532 den
473 1498 594 1532 Befehl
628 1500 796 1542 gegeben,

105 1544 161 1577 die
194 1543 352 1578 Schiffe.
374 1571 381 1578 .
405 1544 530 1578 sollten
554 1571 562 1579 .
583 1571 590 1578 .
608 1555 797 1588 ·genauer

92 1589 191 1623 'wird
226 1589 337 1624 dieser
361 1589 483 1624 Befehl
515 1592 568 1632 36,
595 1572 650 1633 44,
676 1594 714 1630 3;
741 1592 796 1631 37,

106 1638 162 1677 23,
179 1637 212 1670 9.
232 1638 273 1670 10
292 1646 334 1669 an
358 1636 413 1669 die
432 1636 560 1670 Fsihrer
585 1636 644 1670 der
669 1618 796 1670 Sc'hiffe

105 1681 288 1725 gerichtet.

155 1729 206 1761 10.
231 1728 488 1770 machinasque
513 1728 560 1760 ad
576 1729 720 1760 urbium
738 1740 799 1761 ea:-

106 1773 215 1813 cidt‘a]
242 1773 311 1815 vgl.
329 1774 386 1814 44,
407 1774 459 1814 13,
477 1775 513 1806 4:
542 1784 648 1816 opera
667 1774 715 1807 ad
739 1785 799 1817 op·

102 1820 377 1862 pugnationem.

154 1866 206 1897 11.
233 1864 419 1907 oppidani]
445 1864 514 1907 vgl.
541 1866 596 1907 31,
618 1866 672 1906 23,
699 1866 729 1898 2.
755 1884 798 1889 —-

103 1908 210 1950 fessi.
223 1910 395 1953 aliquot]
417 1910 464 1943 ist
484 1911 726 1952 grammatisch
740 1910 800 1944 At-

105 1956 224 1997 tribut,
244 1955 320 1989 dem
340 1954 445 1989 Sinne
462 1956 550 1989 nach
567 1957 663 1990 mehr
680 1956 746 1990 ειὼ
749 1966 800 1990 er-

106 2000 210 2035 bielle
235 2001 474 2045 Bestimmung
505 2002 575 2035 und
608 2002 797 2036 Beschr‘an-

103 2046 201 2090 kung
213 2057 255 2081 zu
269 2048 453 2090 oppidani,
466 2065 512 2077 =
523 2044 579 2081 ‘da
594 2048 691 2081 siein
702 2048 795 2082 nicht

105 2093 265 2136 geringer
300 2093 384 2126 Zahl
420 2093 624 2127 verwundet
668 2090 793 2127 waren‘

104 2149 139 2172 u.
153 2149 180 2174 s.
195 2148 257 2173 W.·
249 2139 343 2177 ,wie
356 2149 474 2180 rarus,
493 2140 678 2173 ocultusu.
693 2150 722 2173 a.
739 2150 796 2183 ge-

104 2184 267 2223 braucht;
293 2184 364 2241 vgl.
388 2183 500 2218 Praef.
523 2187 583 2225 11;
614 2187 667 2225 37,
686 2187 740 2228 38,
758 2188 794 2225 4ς

105 2230 151 2262 im
174 2212 606 2285 Griech..'s'moc,521yoc
632 2213 798 2286 πλείοις,

105 2276 175 2308 wie
193 2274 308 2309 Thuk.
328 2279 359 2317 5,
378 2277 433 2317 59,
455 2279 488 2310 1:
515 2271 625 2313 αὐτοὶ
644 2272 688 2313 οὗ
708 2280 798 2314 πο)-

107 2322 163 2369 λῷ
203 2322 358 2363 πλείους
397 2319 671 2369 διεφθάρησαι.
733 2324 799 2357 Zur

107 2377 239 2410 ganzen
266 2366 375 2401 Stelle
399 2368 468 2411 vgl.
495 2371 550 2411 36,
575 2371 608 2410 9,
637 2371 688 2404 11.

155 2413 206 2446 12.
233 2415 332 2456 quos]
357 2414 402 2446 ist
421 2413 480 2446 auf
496 2414 729 2448 Macedonum
747 2415 797 2448 als

107 2457 174 2491 den
192 2457 434 2502 Hauptbegriff
446 2460 620 2503 bezogen:
646 2471 672 2495 s.
694 2463 747 2502 15,
771 2464 796 2494 1.

111 2505 164 2545 17,
190 2505 222 2537 9.
248 2523 290 2528 -
315 2506 502 2547 Philocles]
529 2517 556 2540 s.
584 2508 638 2548 31,
662 2508 715 2549 26,
744 2509 771 2540 1.

157 2551 208 2583 13.
231 2552 342 2591 metu]
368 2551 456 2585 weil*
474 2552 524 2585 sie
549 2551 636 2586 auch
655 2552 709 2585 die
727 2551 797 2585 Ma-

179 2610 212 2637 ¹1¹.
226 2610 286 2638 Liv.
300 2611 354 2639 VII
365 2613 390 2640 1.
409 2613 433 2641 3.
446 2614 520 2641 Aufi-

867 1452 1028 1487 cedonier
1053 1453 1230 1491 triremem
1256 1464 1316 1487 zur
1333 1453 1468 1488 Konstr.
1487 1455 1557 1498 vgl.

869 1501 921 1541 13,
938 1501 990 1533 14.
1008 1518 1052 1522 -—
1071 1510 1177 1541 qnam
1197 1499 1325 1532 vellent
1338 1525 1345 1532 .
1360 1503 1379 1540 .]
1399 1510 1425 1534 S.
1445 1511 1486 1534 zu
1504 1503 1558 1543 38,

866 1547 920 1587 49,
955 1547 1006 1579 13.

915 1592 969 1624 14.
1003 1590 1198 1631 Philoclen]
1233 1591 1287 1624 die
1313 1590 1459 1634 Endung
1492 1594 1558 1626 wie

868 1639 899 1678 5,
918 1639 949 1669 7.
968 1637 1076 1677 38,;5
1097 1638 1220 1678 34‚3·2‚
1241 1639 1301 1674 17;
1320 1638 1508 1678 zu24,31,
1527 1640 1557 1672 2.

863 1684 1149 1723 —or.atores]s
1172 1684 1223 1723 17,
1246 1684 1284 1720 2;
1303 1684 1357 1722 21,
1379 1684 1430 1725 12,
1444 1685 1483 1722 4;
1503 1686 1557 1721 24

870 1729 924 1769 33,
939 1731 1000 1762 5u
1012 1738 1040 1761 a
1056 1730 1317 1771 —petentms
1336 1730 1387 1770 15,
1402 1730 1438 1767 3;
1452 1729 1558 1770 fidem

863 1776 986 1816 petere
1009 1774 1053 1807 ist
1072 1774 1126 1807 ein
1146 1773 1289 1807 anderes
1307 1773 1488 1808 Ausdruck
1506 1776 1558 1809 sur

868 1831 905 1852 se
922 1819 1050 1852 dedere
1067 1821 1107 1859 (s.
1130 1822 1167 1853 1*
1157 1832 1180 1860 i,
1199 1822 1248 1861 2);
1268 1819 1348 1852 aber
1365 1819 1420 1853 die
1434 1819 1559 1854 Romer

870 1865 1032 1898 scheinen
1047 1865 1101 1898 die
1117 1864 1213 1898 Stadt
1229 1876 1270 1898 zu
1285 1865 1462 1908 pltmdern,
1478 1867 1558 1900 weil

870 1910 924 1944 die
942 1911 1076 1943 deditio
1091 1911 1193 1944 ihnen
1211 1911 1305 1944 nicht
1323 1910 1439 1944 sriiher
1456 1922 1558 1955 ange-

869 1957 975 1989 boten
988 1957 1126 1989 worden
1138 1957 1193 1997 ist,
1207 1956 1288 1989 oder
1298 1956 1411 1990 indem
1425 1958 1475 1991 sie
1483 1958 1556 1991 hin-

867 2002 1016 2045 terlistig
1042 2002 1097 2035 die
1119 2002 1344 2045 Gelegenheit
1368 2003 1555 2042 benutzen;

867 2048 937 2091 vgl.
963 2050 1017 2089 24,
1046 2050 1098 2089 19,
1125 2048 1181 2082 Ss.

916 2097 967 2128 15.
994 2096 1031 2126 1'72
1056 2095 1341 2137 spem..1‘7zte7zl2]
1360 2094 1428 2136 vgl.
1448 2096 1478 2134 6,
1507 2098 1557 2133 11,

870 2142 904 2173 5;
940 2142 976 2172 in
1001 2151 1097 2183 spem
1127 2142 1228 2182 pacis
1257 2140 1383 2172 solutis
1415 2143 1556 2172 animis.

866 2197 1028 2265 {effla}
1037 2188 1153 2273 ²335]
1166 2185 1558 2274 ΞῑῗαὶῖἀῖὶθῗΨὲῗῗ

866 2280 987 2320 specta
1014 2277 1103 2318 erat]
1130 2287 1155 2309 s.
1182 2287 1223 2310 zu
1250 2278 1303 2316 21,
1331 2279 1360 2317 7,
1388 2278 1417 2309 7.

916 2324 967 2356 16.
993 2322 1185 2355 multitudo
1211 2332 1287 2354 cum
1305 2347 1312 2354 .
1328 2323 1348 2361 .]
1370 2331 1397 2355 s.
1419 2324 1448 2362 1,
1467 2324 1497 2363 9,
1516 2323 1554 2359 9;

869 2369 922 2410 31,
944 2371 996 2411 14,
1017 2371 1069 2403 11.
1095 2387 1139 2391 —
1162 2370 1267 2409 signa
1283 2392 1290 2400 .
1306 2394 1312 2401 .
1329 2370 1558 2400 ornamenta-

867 2416 946 2457 que]
973 2425 999 2447 s.
1026 2415 1080 2455 26,
1107 2414 1160 2453 21,
1187 2415 1220 2446 8;
1250 2415 1559 2446 ornamenta..et

866 2460 1003 2492 nobilia
1021 2461 1145 2501 signem
1165 2459 1219 2500 27,
1240 2459 1290 2498 16,
1310 2459 1348 2491 8:
1373 2460 1478 2500 signa
1504 2461 1556 2490 ta-

868 2506 1055 2547 hulaeque;
1076 2506 1199 2545 31,45‚
1222 2505 1258 2542 7;
1278 2505 1332 2543 45,
1353 2505 1407 2545 33,
1430 2507 1467 2542 5;
1486 2505 1555 2547 vgl.

869 2552 922 2591 31,
949 2553 1004 2592 44,
1032 2554 1062 2583 4.

1593 317 1629 348 10

1592 489 1627 521 11

1591 603 1627 635 12

1593 775 1627 807 13

1593 889 1629 922 14

1594 1004 1629 1037 15

1592 1233 1628 1265 16

1592 1348 1628 1379 Π
