1795 2844
561 93 688 129 LIBER
711 93 843 128 XXXII.
892 93 986 128 CAP.
1013 95 1067 129 38.

89 116 115 135 ι
135 107 201 135 Chr.
221 114 249 134 n.
271 106 329 134 197.
1456 90 1535 130 175

90 213 385 254 contrahendas
406 212 528 259 vires,
551 212 719 251 maxime
741 212 789 251 de
811 212 980 251 Achaiae
1010 210 1197 260 urbibus,
1229 211 1404 262 regionis
1425 211 1473 251 ab
1496 224 1537 251 se

90 271 283 319 diversae,
315 275 354 309 et
374 270 498 321 magis
529 275 660 309 tamen
692 270 739 308 de
760 269 876 321 Argis
911 281 1028 321 quam
1051 269 1098 308 de
1121 269 1312 308 Corintho
1334 269 1538 315 sollicitus,
1569 280 1576 289 ·

89 328 286 381 optimum
307 333 417 367 ratus
431 327 570 366 Nabidi
588 339 673 366 eam
690 326 1097 366 Lacedaemoniorum
1119 334 1290 379 tyranno
1311 326 1417 366 velut
1437 327 1537 366 fidu-

89 385 250 426 ciariam
271 384 377 433 dare,
400 390 443 424 ut
462 384 601 424 victori
622 384 696 423 sibi
713 383 959 431 restitueret,
982 384 1014 423 si
1036 385 1128 436 quid
1158 384 1309 424 adversi
1331 383 1538 424 accidisset

90 444 175 496 ipse
194 442 371 490 haberet,
395 442 572 489 Philocli,
595 441 663 492 qui
682 441 873 481 Corintho
891 441 1086 493 Argisque
1108 448 1301 493 praeerat,
1325 441 1473 490 scribit,
1496 448 1539 480 ut

90 506 305 553 tyrannum
326 500 410 552 ipse
431 499 676 539 conveniret.
719 498 928 546 Philocles,
951 505 1231 550 praeterquam
1248 499 1355 550 quod
1376 499 1453 538 iam
1474 511 1539 537 ve·

89 558 225 598 niebat
245 570 337 597 cum
357 569 545 604 munere,
568 556 704 604 adicit,
735 556 782 595 ad
804 556 950 607 pignus
971 556 1127 596 futurae
1149 557 1232 607 regi
1255 569 1344 595 cum
1367 562 1537 608 tyranno

90 615 303 662 amicitiae,
335 614 433 654 filias
453 626 543 654 suas
564 625 699 665 regem
720 613 882 653 Nabidis
904 613 993 652 filiis
1014 613 1268 652 matrimonio
1291 613 1538 664 coniungere

89 673 201 712 velle.
252 678 446 725 tyrannus
464 670 596 723 primo
619 682 766 723 negare
788 670 901 710 aliter
930 671 1070 710 urbem
1092 684 1178 710 eam
1207 683 1248 710 se
1271 676 1539 723 accepturum,

90 730 166 770 nisi
187 730 421 781 Argivorum
443 728 621 780 ipsorum
643 728 802 768 decreto
824 728 1038 768 accersitus
1060 729 1107 767 ad
1134 728 1322 768 auxilium
1344 728 1454 767 urbis
1477 740 1537 767 es-

89 793 161 835 set,
183 787 338 834 deinde,
361 791 404 826 ut
423 786 625 837 frequenti
646 786 835 826 contione
858 799 938 825 non
960 792 1193 838 aspernatos
1213 786 1331 824 modo
1354 786 1422 824 sed
1444 785 1539 824 abo-
1572 792 1586 799 '

89 844 261 884 minatos
282 843 402 883 etiam
431 856 579 882 nomen
602 843 763 896 tyranni
784 844 949 891 audivit,
980 856 1139 883 causam
1169 856 1211 883 se
1244 842 1439 894 spoliandi
1470 855 1537 881 eos

89 906 252 942 nactum
274 906 383 940 ratus
403 900 579 948 tradere,
610 901 679 939 ubi
700 901 835 949 vellet,
863 901 1005 940 urbem
1027 901 1231 940 Philoclen
1254 900 1378 940 iussit.
1422 905 1539 939 nocte

89 958 238 1011 ignaris
261 957 449 997 omnibus
470 963 657 1009 acceptus
678 958 718 997 in
741 958 883 998 urbem
901 965 959 998 est
976 965 1189 1010 tyrannus3
1213 958 1341 1010 prima
1362 958 1456 1008 luce,
1473 970 1539 996 oc-

89 1021 232 1068 cupata
253 1015 386 1055 omnia
414 1015 620 1067 superiora
647 1015 734 1054 loca
761 1022 980 1067 portaeque
1003 1016 1169 1056 clausae.
1221 1015 1359 1067 paucis
1388 1014 1539 1066 princi-

88 1085 187 1126 pum
207 1073 315 1112 inter
337 1072 508 1124 primum
531 1073 744 1112 tumultum
768 1073 930 1125 elapsis,
957 1086 1097 1113 eorum
1119 1073 1343 1113 absentium
1365 1073 1539 1124 direptae

89 1131 294 1179 fortunae3
316 1129 596 1182 praesentibus
617 1142 759 1169 aurum
780 1137 897 1183 atque
915 1136 1125 1181 argentum
1141 1130 1326 1177 ablatum,
1346 1129 1540 1181 pecuniae

90 1188 305 1240 imperatae
327 1188 523 1238 ingentes.
575 1187 642 1238 qui
665 1200 747 1226 non
772 1194 1009 1227 cunctanter
1037 1188 1256 1232 contulere,
1290 1187 1375 1226 sine
1398 1193 1540 1226 contu-

140 1291 168 1322 1.
203 1289 364 1322 Achaiae
387 1289 549 1328 urbibus]
576 1290 690 1322 ausser
715 1288 780 1321 den

92 1335 165 1368 hier
190 1334 389 1368 erwahnten
421 1334 509 1367 auch
540 1333 612 1375 die,
647 1334 780 1367 welche

92 1384 123 1421 5,
137 1383 159 1415 4
174 1382 326 1423 genannt
340 1379 425 1413 sind.
440 1398 486 1403 —
499 1380 673 1421 diversae]
693 1380 780 1413 nach

91 1427 185 1460 einer
224 1425 353 1460 andern
381 1425 683 1469 Himmelsgegend
722 1436 781 1469 ge-

91 1473 206 1515 legen‚
229 1487 274 1499 =
298 1468 386 1505 ‘fern
410 1469 588 1514 liegend‘;
614 1472 684 1514 vgl.
711 1471 779 1505 Cic.

92 1518 134 1552 de
166 1518 248 1560 imp.
276 1517 395 1561 Pomp.
421 1519 481 1551 46:
517 1528 563 1551 eoe
595 1518 682 1551 Iocis
706 1521 779 1550 tam

92 1564 301 1606 longinquis
327 1567 469 1606 tamque
495 1563 664 1602 diversis;
699 1575 720 1596 a
744 1575 781 1596 se

92 1611 137 1643 ist
154 1609 238 1643 kurz
257 1612 388 1652 gesagt,
414 1609 482 1642 wie
500 1609 552 1643 oft
576 1610 611 1642 in
627 1609 782 1652 Verglei-

93 1655 268 1698 chungem
295 1665 321 1688 s.
349 1657 380 1697 2,
408 1656 460 1697 13,
487 1657 517 1689 8.

139 1703 171 1737 2.
197 1704 231 1733 et
245 1702 363 1743 magis
380 1703 511 1742 tamen]
531 1701 600 1744 vgl.
620 1703 673 1744 33,
692 1703 725 1741 4,
743 1703 778 1740 2;

92 1749 177 1781 statt
189 1746 250 1780 des
264 1746 443 1780 einfachen
456 1746 687 1780 konzessiven
698 1746 782 1780 Ver-

93 1793 280 1827 haltnisses
309 1794 481 1833 (mamime
506 1793 649 1835 quidem
664 1819 670 1826 .
686 1818 694 1826 .
708 1803 782 1825 ma-

89 1842 150 1882 gis
166 1839 296 1879 tamen)
322 1838 367 1871 ist
388 1837 447 1871 der
464 1837 655 1880 Gegensatz
675 1838 782 1872 durch

94 1888 130 1917 et
154 1895 218 1918 nur
242 1883 481 1926 heigeordnet;
507 1884 592 1917 iiber
617 1884 671 1917 die
695 1884 783 1917 Stei-

94 1939 226 1974 gerung
246 1929 353 1962 durch
374 1929 441 1963 den
454 1929 677 1973 Komparativ
695 1930 783 1963 nach

93 1976 172 2009 dem
186 1974 383 2018 Superlativ
397 1986 422 2008 s.
437 1986 480 2008 zu
490 1978 522 2017 4,
535 1977 587 2015 13,
602 1977 682 2009 1.—
693 1978 781 2016 eam]

94 2021 198 2055 nami.
215 2022 349 2062 urbem,
368 2031 428 2064 per
440 2022 583 2066 synesin
602 2021 662 2055 auf
670 2021 782 2064 Argos

93 2068 261 2111 bezogen.
274 2086 320 2091 —
332 2067 439 2108 velut]
457 2067 538 2100 weil
551 2067 783 2107 fiduciariam

94 2124 163 2147 von
190 2112 416 2156 juristischen
442 2112 701 2147 Verbaltnissen
726 2113 786 2147 auf

93 2158 278 2203 politische
306 2158 514 2202 fibertragen
537 2159 598 2198 ist;
630 2176 674 2188 =
709 2159 784 2193 eine

94 2204 224 2247 Sache,
249 2204 304 2237 die
337 2204 398 2238 aus
419 2204 509 2238 Treu
534 2205 605 2238 und
630 2204 785 2238 Glauben

95 2251 207 2284 einem
232 2253 429 2283 anvertraut
453 2250 557 2293 wird‚
585 2261 643 2284 um
668 2251 718 2284 sie
744 2261 785 2283 zu

95 2296 279 2340 gelegener
295 2296 370 2329 Zeit
386 2306 455 2329 von
473 2296 543 2329 ihm
562 2296 787 2330 wiederzuer-

97 2342 229 2381 haltem
255 2351 281 2374 S.
300 2341 404 2375 Gaius
422 2343 453 2383 2,
471 2345 532 2376 60:
553 2353 633 2375 cum
649 2342 787 2383 fiducia

97 2388 327 2421 contrahitur
343 2390 408 2419 aut
424 2398 504 2420 cum
522 2389 711 2431 creditore,
731 2391 787 2431 pz'-

95 2435 225 2476 gnoris
243 2435 336 2474 iure,
361 2436 426 2465 aut
441 2444 521 2466 cum
539 2436 667 2475 amico,
693 2434 790 2477 quod

100 2480 212 2512 tutius
227 2481 372 2512 nostrae
386 2489 444 2511 res
460 2480 559 2522 apud
571 2490 650 2512 eum
663 2483 786 2520 essent,

97 2525 130 2557 si
150 2524 291 2567 quidem
308 2534 388 2557 cum
404 2527 520 2558 amico
538 2529 725 2558 contracta
741 2528 790 2558 sit

97 2569 204 2612 fides,
238 2580 324 2603 sane
360 2573 459 2603 omni
492 2572 597 2604 modo
630 2574 789 2614 conpetit

852 1300 937 1321 usus
962 1290 1129 1331 receptio.
1163 1307 1208 1311 —-
1240 1289 1378 1329 victam]
1405 1288 1465 1321 das
1490 1287 1541 1320 lo-

851 1335 968 1378 gische
990 1334 1183 1367 Verhaltnis
1209 1334 1254 1367 ist
1280 1343 1341 1366 aus
1359 1336 1391 1366 si
1408 1334 1496 1376 quid
1509 1359 1516 1366 .
1532 1361 1538 1367 .

849 1391 892 1413 zu
917 1381 1100 1414 erkennen.

897 1429 927 1460 3.
942 1427 1069 1467 adicit]
1084 1426 1213 1459 konnte
1229 1425 1317 1458 ohne
1332 1426 1439 1457 etiam
1451 1424 1539 1457 nach

848 1476 1104 1516 praeterquam
1121 1471 1300 1513 eintreten,
1319 1470 1361 1503 da
1380 1480 1416 1504 es
1431 1470 1539 1503 selbst

850 1518 915 1552 den
929 1518 1063 1561 Begriff
1072 1518 1131 1551 der
1144 1517 1383 1559 Vermehrung
1397 1516 1539 1549 enth‘alt.

850 1584 894 1588 —-
920 1565 969 1597 ad
989 1566 1137 1607 pignus]
1160 1564 1283 1606 gehon
1300 1573 1377 1595 zum
1395 1561 1542 1604 Folgen-

851 1610 932 1648 den;
962 1627 1007 1639 =
1030 1613 1072 1642 ut
1096 1613 1185 1642 esset
1203 1611 1359 1652 pig-nas;
1386 1618 1411 1641 s.
1436 1610 1466 1649 2,
1486 1609 1540 1649 27,

852 1658 889 1695 ὃς
926 1658 957 1698 3,
983 1659 1037 1698 63,
1063 1658 1101 1694 4;
1140 1657 1194 1697 21,
1222 1658 1273 1695 10,
1304 1656 1360 1688 12:
1394 1654 1442 1686 acl
1459 1655 1541 1696 pia-

852 1702 991 1741 culum;
1019 1703 1072 1743 21,
1099 1704 1152 1744 60,
1179 1705 1217 1739 53
1244 1703 1299 1741 42,
1326 1702 1380 1742 39,
1408 1702 1441 1732 ἵε
1477 1709 1543 1731 nec

852 1751 924 1780 tam
950 1750 988 1780 in
1011 1750 1145 1791 pignus
1177 1748 1264 1788 fidei
1289 1746 1427 1778 obsides
1451 1745 1542 1777 desi-

853 1794 987 1832 clerati;
1014 1796 1068 1835 45,
1089 1795 1119 1835 3,
1139 1795 1175 1829 3:
1207 1791 1362 1834 haufiger
1386 1791 1478 1824 steht
1503 1799 1541 1823 es

853 1839 941 1872 ohne
968 1839 1185 1882 Priiposition
1212 1838 1262 1871 als
1286 1836 1505 1880 Apposition.

899 1888 930 1917 4.
962 1895 1096 1927 negare
1128 1885 1234 1917 aliter
1260 1910 1267 1917 .
1296 1908 1302 1916 .
1329 1884 1411 1923 m'sz']
1445 1891 1472 1916 S.
1499 1891 1541 1914 zu

853 1933 906 1967 45,
936 1932 987 1971 11,
1017 1933 1068 1965 11.
1099 1949 1143 1954 -
1167 1931 1390 1972 Ανὲἰυονιιηι
1415 1953 1423 1961 .
1450 1952 1458 1960 .
1485 1927 1541 1959 dc·

853 1979 963 2017 creto]
998 1987 1034 2009 er
1059 1976 1132 2009 will
1164 1976 1231 2009 wie
1261 1976 1282 2017 §
1308 1976 1328 2008 9
1362 1974 1416 2007 die
1442 1973 1542 2006 Form

854 2022 1006 2056 wahren.
1043 2042 1087 2046 —
1125 2023 1173 2054 ad
1208 2021 1400 2061 aemilium]
1438 2018 1541 2052 naml.

855 2078 965 2112 gegen
983 2068 1117 2101 Achaer
1141 2067 1210 2101 und
1228 2067 1367 2105 Romen
1395 2076 1421 2100 s.
1440 2067 1495 2107 40,
1514 2067 1541 2098 1.

901 2116 931 2148 6.
957 2116 1147 2157 superiora
1174 2112 1267 2157 loca]
1293 2124 1318 2146 s.
1347 2114 1401 2154 25,
1426 2114 1457 2144 5.

901 2163 931 2194 7.
963 2162 1093 2203 paucis
1124 2159 1361 2203 principum*
1399 2154 1542 2199 elapsis]

855 2205 938 2238 iiber
961 2206 1029 2239 den
1053 2206 1130 2239 Abl.
1149 2206 1221 2239 abs.
1247 2206 1309 2238 mit
1334 2204 1425 2236 Part.
1451 2201 1542 2235 Pers.

854 2251 938 2294 Dep.
957 2262 983 2285 s.
1002 2262 1044 2285 zu
1062 2254 1093 2293 4,
1112 2254 1166 2294 53,
1188 2254 1216 2285 1.
1235 2271 1278 2275 —
1297 2248 1434 2292 eorum]
1454 2246 1543 2280 nach

856 2296 933 2330 dem
950 2297 1027 2330 Abl.
1045 2297 1117 2330 abs.
1129 2299 1261 2340 paucis
1273 2321 1281 2330 .
1298 2323 1304 2329 .
1320 2296 1459 2338 elapsis,
1484 2302 1543 2325 um

857 2342 922 2376 (len
948 2343 1241 2376 Zusammenstoss
1275 2352 1317 2375 zu
1346 2340 1454 2374 vieler
1478 2338 1543 2371 Ge-

858 2388 982 2422 netive'
999 2399 1041 2421 zu
1067 2388 1217 2427 meiden;
1245 2399 1270 2422 s.
1297 2398 1339 2420 zu
1366 2388 1418 2426 31,
1437 2386 1491 2425 46,
1511 2386 1542 2417 4.

858 2454 902 2458 -
921 2435 1093 2477 direptae]
1113 2435 1162 2467 sie
1178 2433 1318 2467 wurden
1332 2430 1543 2465 konfisziert.

857 2499 902 2504 —
927 2491 1057 2513 aurum
1072 2506 1079 2514 .
1094 2505 1101 2513 .
1118 2481 1320 2522 argentam]
1346 2477 1449 2511 Gold-
1474 2474 1544 2509 und

859 2525 1098 2568 Silbeigerate.
1124 2545 1169 2549 —-
1189 2526 1367 2568 pecuniae
1391 2526 1545 2566 impera-

858 2573 926 2611 tae]
952 2571 983 2604 d.
1002 2572 1033 2605 h.
1060 2582 1097 2605 es
1123 2571 1239 2605 wurde
1265 2572 1340 2604 eine
1360 2568 1545 2603 Kontribu-
