1795 2844
555 92 682 126 LIBER
707 91 838 126 XXXII.
888 90 982 125 CAP.
1009 93 1063 126 34.
1090 92 1146 125 35.
1497 84 1577 124 171

116 115 148 135 a.
169 106 234 134 eiu.
253 114 284 133 n.
306 105 366 133 197.

120 225 164 254 se
194 213 241 253 iis
269 211 517 252 redditurum
547 209 644 250 dixit
655 223 665 259 ;
706 209 754 248 de
784 208 974 248 Corintho
1007 221 1098 248 cum
1131 208 1369 260 imperatore
1400 206 1581 246 Romano

121 270 434 310 deliberaturum
456 280 541 308 esse
563 267 917 319 quaesiturumque
940 265 987 305 ab
1011 278 1058 304 eo
1081 265 1209 314 simul,
1233 270 1367 304 utrum
1388 264 1489 304 iisne
1510 276 1582 304 ur-

122 327 242 368 bibus
271 326 464 366 decedere
487 338 529 365 se
560 337 696 365 aecum
730 329 912 372 censeat,
945 335 1042 374 quas
1073 322 1118 361 ab
1143 335 1183 362 se
1214 323 1300 375 ipso
1332 327 1466 374 captas
1493 322 1580 362 iure

1614 211 1651 244 13

124 385 217 425 belli
232 383 385 432 habeat,
403 396 452 423 an
470 383 517 423 iis
533 383 664 430 etiam,
683 394 780 433 quas
798 394 819 420 a
835 380 1054 420 maioribus
1071 380 1152 420 suis
1168 380 1397 432 accepisset.
1433 391 1579 431 paran-
1598 380 1648 417 35

123 442 230 483 tibus
250 441 415 481 Achaeis
437 440 664 491 Aetolisque
687 440 734 479 ad
757 451 801 478 ea
829 438 1072 491 respondere
1086 469 1095 484 ,
1126 450 1217 476 cum
1246 450 1372 489 prope
1395 449 1582 477 occasum

121 500 182 540 sol
203 505 327 547 esset,
356 499 475 538 dilato
499 498 537 537 in
571 503 776 550 posterum
800 496 904 535 diem
926 495 1126 546 colloquio
1149 494 1358 547 Philippus
1379 494 1420 533 in
1443 494 1581 534 statio-

121 570 227 606 nem,
249 569 297 596 ex
318 567 395 608 qua
415 555 621 608 profectus
643 560 739 602 erat,
762 553 931 593 Romani
953 552 1130 604 sociique
1152 552 1192 590 in
1216 558 1343 591 castra
1361 551 1579 592 redierunt.

121 614 336 661 Quinctius
362 619 523 665 postero
546 612 607 651 die
630 612 676 651 ad
698 611 883 651 Nicaeam
904 633 960 639 —
982 610 1013 650 is
1036 610 1143 649 enim
1164 609 1276 649 locus
1298 609 1502 660 placuerat
1523 632 1580 638 -——

120 673 170 712 ad
192 671 454 711 constitutum
470 675 628 722 tempus
644 669 771 718 venit;
796 668 1001 720 Philippus
1019 666 1152 706 nullus
1173 679 1355 718 usquam,
1379 679 1453 705 nec
1471 679 1579 706 nun-

119 729 199 769 tius
220 728 268 768 ab
290 741 337 768 eo
358 739 432 780 per
452 727 601 779 aliquot
622 727 741 766 horas
762 725 964 774 veniebat,
998 731 1035 764 et
1058 724 1134 763 iam
1156 723 1460 776 desperantibus
1481 737 1579 763 ven-

118 793 255 826 turum
275 791 444 837 repente
464 790 735 837 apparuerunt
757 796 886 823 naves.
936 788 1054 834 atque
1076 782 1161 834 ipse
1183 781 1356 832 quidem,
1387 793 1479 821 cum
1500 787 1581 820 tam

118 843 252 895 gravia
274 850 313 883 et
334 842 499 894 indigna
526 842 842 893 imperarentur,
872 841 1033 892 inopem
1057 839 1213 879 consilii
1234 838 1337 878 diem
1360 851 1579 890 consump-

119 901 218 941 sisse
246 900 503 940 delibcrando
534 899 682 948 aiebat;
718 899 836 950 vulgo
869 897 1083 937 credebant
1121 896 1168 935 de
1199 896 1393 936 industria
1422 908 1508 935 rem
1537 896 1578 934 in

117 970 254 999 serum
275 963 462 1004 tractam,
492 969 543 995 ne
560 962 718 1008 tempus
740 955 823 995 dari
851 961 987 1007 posset
1009 954 1175 993 Achaeis
1197 954 1424 1005 Aetolisque
1447 953 1494 992 ad
1514 965 1578 992 re-

117 1014 413 1068 spondendum,
437 1020 475 1053 et
491 1026 576 1053 eam
600 1013 832 1065 opinionem
853 1013 936 1065 ipse
958 1011 1175 1052 adfirmavit
1197 1012 1383 1063 petendo,
1407 1016 1449 1050 ut
1470 1023 1580 1051 sum-

118 1073 238 1113 motis
258 1071 363 1120 aliis,
387 1084 438 1111 ne
460 1077 617 1123 tempus
639 1071 865 1110 altercando
888 1076 1087 1109 tereretur
1109 1075 1147 1108 et
1169 1068 1289 1120 aliqui
1312 1068 1402 1108 finis
1424 1068 1481 1107 rei
1503 1070 1578 1107 im-

118 1130 215 1183 poni
246 1134 402 1182 posset,
434 1141 524 1169 cum
547 1128 632 1180 ipso
663 1129 902 1180 imperatore
924 1127 1104 1166 Romano
1134 1126 1269 1165 liceret
1292 1125 1366 1165 sibi
1389 1125 1575 1177 colloqui.

119 1187 158 1227 id
179 1187 308 1240 primo
339 1199 422 1226 non
453 1191 681 1237 acceptum,
714 1198 764 1225 ne
795 1185 950 1224 excludi
982 1183 1181 1234 colloquio
1212 1183 1442 1222 viderentur
1464 1183 1573 1231 socii,

119 1244 234 1292 dein,
264 1256 355 1284 cum
377 1243 482 1283 haud
505 1243 711 1283 absisteret
733 1249 888 1295 petere,
913 1255 959 1281 ex
982 1240 1159 1280 omnium
1184 1240 1349 1280 consilio
1372 1240 1578 1280 Romanus

118 1302 337 1354 imperator
358 1313 449 1341 cum
471 1302 542 1352 Ap.
567 1300 728 1340 Claudio
751 1300 912 1339 tribuno
943 1299 1112 1337 militum
1134 1298 1278 1337 ceteris
1299 1298 1508 1337 summotis
1531 1297 1579 1336 ad

119 1366 341 1399 extremum
369 1358 462 1397 litus
492 1358 709 1410 processit3
743 1370 812 1397 rex
845 1370 935 1396 cuin
968 1355 1145 1401 duobus,
1178 1368 1278 1406 quos
1310 1355 1438 1406 pridie
1468 1354 1578 1394 adhi-

882 1465 1138 1507 schwunden)';
1166 1478 1207 1500 zu
1234 1469 1288 1507 24,
1308 1469 1362 1509 36,
1381 1469 1421 1506 8;
1448 1467 1515 1500 Cic.
1535 1467 1578 1501 ad

169 1472 221 1506 13.
236 1471 575 1514 quaesiturumque·
587 1471 811 1512 ·⁰⁰⁶⁶I'i⁸⁸⁶l]
881 1515 942 1547 Att
987 1516 1023 1548 11
1067 1516 1111 1548 24
1147 1516 1167 1547 4
1215 1515 1256 1547 14
1295 1515 1313 1546 3
1357 1516 1369 1547 ¹
1431 1513 1458 1546 C

946 1542 951 1548 ι
1032 1541 1039 1555 ’
1115 1541 1122 1555 '
1152 1526 1153 1529 ,
1179 1528 1185 1551 ;
1261 1540 1268 1553 ,
1319 1540 1326 1553 7
1385 1527 1392 1546 ξ
1458 1524 1578 1546 orum·

118 1517 179 1551 hat
195 1517 278 1557 Liv.,
297 1515 522 1550 abweichend
544 1526 613 1549 von
631 1515 719 1559 Poly
723 1515 810 1557 bios,

119 1574 163 1597 an
181 1563 242 1596 das
259 1542 376 1595 Iletzte
394 1561 620 1605 angekm'ipst,
640 1561 681 1594 da
700 1561 812 1595 dieser

118 1608 236 1643 Punkt
268 1607 322 1641 die
347 1607 482 1641 Ach'aer
515 1607 610 1641 nicht
637 1603 810 1642 berulirte.

119 1674 163 1679 —-
188 1658 311 1687 utrum
334 1655 450 1687 iisne.
466 1655 486 1694 .]
513 1664 539 1688 s.
564 1653 632 1686 Cic.
658 1653 760 1686 Tusc.
779 1655 811 1694 4,

120 1702 180 1735 59:
196 1700 261 1734 illa
277 1700 465 1732 distinctio
479 1724 487 1733 .
504 1725 522 1739 .,
536 1703 661 1732 utrum
677 1699 813 1732 illudne

117 1757 193 1780 non
206 1746 372 1779 videatur
393 1756 503 1787 aegre
515 1745 702 1784 ferendum
718 1773 724 1779 .
742 1771 748 1778 .
764 1756 811 1777 an

120 1817 130 1826 .
147 1819 153 1826 .
169 1791 324 1825 tollenda
345 1793 491 1823 omnino
509 1791 715 1833 aegritudo;
741 1790 810 1833 vgl.

120 1837 198 1871 Ter.
219 1837 304 1870 Eun.
327 1838 413 1875 721;
435 1836 497 1870 Ad.
519 1838 596 1870 382.
635 1836 811 1869 Zuweilen

120 1884 196 1916 tritt
232 1882 345 1916 dieses
378 1893 422 1915 ne
460 1882 547 1916 auch
579 1883 624 1915 im
663 1882 811 1915 zweiten

121 1929 242 1963 Gliede
276 1928 380 1962 hinzu
406 1929 540 1971 (anne),
576 1938 601 1961 s.
629 1926 705 1961 Ter.
733 1927 811 1961 Hec.

122 1976 204 2013 122;
230 1973 315 2009 Eun.
342 1975 420 2008 556.

166 2019 230 2057 35.
259 2024 287 2054 1.
313 2022 554 2060 cum..esset]
587 2019 720 2052 enthalt
746 2018 812 2051 den

122 2065 240 2100 Grund
273 2076 317 2099 zu
350 2065 465 2098 dilato
492 2093 500 2100 .
526 2091 533 2099 .
559 2085 602 2090 —
628 2068 666 2097 in
697 2068 814 2107 poste-

122 2123 205 2191 2¹15?
219 2137 226 2145 .
243 2113 263 2154 .]
283 2111 509 2190 dassdPhilinp
521 2111 582 2190 gie
600 2110 812 2144 schrifiliche

194 2167 322 2200 assung
383 2167 418 2190 er
483 2168 519 2190 or
545 2167 696 2199 erungen
738 2166 813 2189 ver-

122 2204 220 2246 langt
244 2203 314 2236 und
339 2202 412 2236 dies
443 2202 677 2246 zugestanden
703 2202 812 2235 erhal-

123 2252 183 2283 ten
208 2249 286 2290 hat,
311 2249 357 2282 ist
381 2258 450 2282 von
479 2249 811 2291 Liv.1‘'1bergangen.

169 2296 200 2328 2.
233 2293 419 2335 Nicaeam]
453 2305 480 2328 s.
513 2296 566 2335 32,
592 2296 629 2333 9,
663 2304 813 2336 genauer

122 2339 309 2384 Polybius:
336 2338 390 2381 εἰς
408 2340 575 2375 Νίκαιαν
600 2319 751 2376 πάλιν.
768 2357 814 2363 —-

123 2386 245 2419 nullus
285 2395 436 2428 usquam
482 2381 741 2429 Plzilippus*]
748 2386 815 2418 nir-

127 2431 235 2474 gends
259 2441 332 2464 war
356 2430 417 2464 Ph.
450 2432 619 2474 sichtbar,
652 2430 814 2474 nirgends

125 2476 300 2520 eineSpur
318 2474 565 2521 vonPhilippH
559 2477 650 2520 -331,
662 2479 693 2517 6,
712 2480 762 2517 15,
777 2479 814 2509 S:

124 2522 248 2555 nullus
276 2526 422 2566 repente
451 2519 587 2562 fui=‘
593 2522 636 2556 (13
662 2533 734 2556 war
760 2522 815 2555 ich

126 2567 293 2612 plfitzlich
318 2568 413 2601 nicht
439 2569 535 2602 mehr
560 2568 601 2602 da
635 2568 715 2611 (wie
740 2578 815 2601 ver-

883 1562 947 1593 bus
972 1560 1078 1593 Balbi
1102 1559 1225 1592 nullus
1256 1559 1394 1600 adlzuc;
1429 1562 1463 1592 et
1485 1561 1578 1592 mim*

884 1609 1009 1639 notum
1035 1616 1180 1644 nomem
1208 1605 1285 1638 ebd.
1307 1608 1357 1647 15,
1377 1607 1431 1640 22.
1458 1606 1515 1646 29,
1538 1608 1575 1645 1;

884 1651 1048 1695 Nagelsb.
1077 1653 1096 1695 ξ
1125 1653 1179 1692 82,
1205 1653 1237 1684 2.

930 1700 959 1732 3.
987 1702 1094 1741 alque
1113 1725 1119 1731 .
1140 1725 1146 1731 .
1166 1698 1321 1740 quidem]
1349 1706 1375 1730 s.
1402 1698 1434 1738 9,
1460 1698 1516 1739 41,
1544 1699 1561 1729 7

883 1763 927 1768 --
953 1743 1244 1787 consmnpsz'sse*]
1271 1743 1360 1776 ohne
1377 1754 1424 1784 se,
1451 1742 1517 1776 wie
1546 1744 1576 1782 9,

887 1793 915 1831 1,
945 1792 1004 1828 11;
1031 1791 1085 1830 21,
1113 1791 1166 1829 27,
1195 1791 1234 1828 ῖς
1262 1788 1330 1821 Cic.
1357 1799 1389 1831 p.
1416 1787 1486 1821 Mil.
1514 1790 1578 1822 65:

882 1846 1002 1867 servos
1027 1862 1033 1868 .
1058 1862 1064 1868 .
1086 1834 1266 1874 confessos
1291 1844 1361 1866 esse
1396 1834 1438 1866 de
1464 1835 1578 1867 inter·-

882 1881 1036 1922 ftcz‘endo
1062 1882 1229 1923 Pompeio
1256 1881 1475 1913 coniurasse.

927 1929 961 1960 4.
988 1927 1070 1959 dari
1090 1927 1222 1969 posset]
1249 1925 1319 1967 vgl.
1346 1925 1367 1968 ξ
1393 1928 1427 1964 5;
1456 1927 1512 1967 40,
1538 1926 1576 1964 2;

883 1975 938 2013 45,
967 1974 1020 2013 10,
1046 1975 1082 2011 3;
1108 1972 1178 2014 vgl.
1206 1982 1245 2005 zu
1275 1972 1306 2011 3,
1333 1973 1387 2011 50,
1417 1973 1467 2004 10.

932 2018 1264 2058 5.c1dfi1·mam't]s.
1292 2019 1322 2057 2,
1353 2018 1578 2057 12,4.——et

884 2065 1024 2106 aliqui.
1042 2066 1060 2105 .]
1088 2063 1173 2097 dazu
1200 2064 1303 2097 istut
1324 2072 1385 2096 aus
1404 2062 1481 2096 dem
1499 2072 1578 2096 v-or

883 2109 1124 2153 hergehenden
1157 2120 1201 2142 ue
1237 2120 1278 2142 zu
1312 2109 1493 2151 erg'anzen.
1532 2128 1576 2132 —

883 2158 972 2209 ipso]
1005 2153 1088 2188 ihm
1126 2152 1258 2194 allein’;
1289 2153 1473 2198 Polybios:
1502 2153 1576 2202 ἰδίᾳ

882 2197 984 2248 πρὸς
1010 2196 1131 2237 αὐτὸν
1157 2202 1338 2246 διαλεχθῇ
1342 2213 1412 2236 zac.

929 2251 960 2281 6.
987 2248 1047 2280 id.
1063 2249 1187 2288 .sociz']
1222 2248 1279 2280 hat
1311 2246 1383 2280 Lix.
1409 2246 1574 2288 11132338-

884 2296 982 2326 setzt.

932 2341 962 2371 ἵ.
988 2340 1196 2371 absi-..steret
1213 2340 1281 2379 .].S
1309 2340 1340 2378 7,
1359 2338 1415 2378 25,
1441 2339 1479 2375 5·
1505 2335 1576 2379 vgl.

885 2386 916 2425 2,
943 2387 997 2425 59,
1024 2386 1062 2417 8;
1090 2384 1257 2416 deszmsteze
1282 2394 1314 2416 u.
1340 2392 1369 2415 a.

933 2432 963 2464 8.
983 2440 1062 2462 cum
1080 2426 1253 2470 duobus]
1259 2428 1321 2461 mit
1338 2427 1404 2460 den
1423 2423 1576 2469 beiden,

885 2476 931 2509 ist
956 2485 995 2508 so
1014 2479 1146 2517 gesagt,
1172 2474 1222 2507 als
1243 2474 1286 2508 ob
1305 2472 1481 2507 dieselben
1499 2454 1577 2506 v-⁹or

886 2522 946 2554 her
971 2525 1122 2563 genannt
1141 2521 1274 2558 waren,
1301 2529 1327 2553 s.
1348 2520 1402 2560 32,
1422 2521 1481 2558 10;
1501 2518 1575 2552 dass

886 2566 974 2600 auch
1007 2566 1062 2599 die
1097 2566 1241 2609 (ΠΜ-1333
1266 2565 1328 2599 mit
1353 2564 1491 2609 Philipp
1518 2575 1576 2598 an-
