1747 2828
110 1287 162 1325 30

177 70 232 108 52
603 68 731 103 LIBER
754 67 902 104 XXXIII.
948 67 1044 104 CAP.
1070 69 1126 103 29.
1151 70 1206 103 30.

179 186 392 241 Copaidem
422 185 606 239 paludem
639 185 843 235 inventae3
873 184 926 225 ibi
956 197 1002 225 ex
1032 185 1126 225 limo
1157 192 1269 226 eruta
1300 191 1553 241 extractaque
1587 199 1635 227 ex

179 253 320 296 stagno
351 243 537 283 cadavera
569 243 672 283 saxis
702 249 770 283 aut
789 242 1012 296 amphoris,
1045 249 1088 283 ut
1118 244 1298 296 pondere
1317 245 1571 285 traherentur
1591 243 1633 284 in

179 302 435 357 profundum,
459 301 629 349 adnexa;
652 300 775 358 multa
800 301 974 341 facinora
991 301 1234 354 Acraephiae
1256 307 1294 342 et
1310 301 1513 343 Coroneae
1534 302 1634 342 facta

128 371 147 402 τ
177 359 496 402 inveniebantur.
549 358 760 405 Quinctius
789 359 917 412 primo
951 357 1092 398 noxios
1122 358 1222 398 tradi
1252 359 1326 399 sibi
1356 359 1472 400 iussit
1501 367 1540 400 et
1561 371 1633 413 pro

182 417 413 471 quingentis
434 415 628 456 militibus
650 440 702 445 —
733 422 793 456 tot
816 416 922 456 enim
944 416 1173 469 interempti
1197 423 1310 457 erant
1339 440 1394 446 —
1417 417 1636 470 quingenta

130 486 149 517 s
179 475 325 516 talenta
356 474 527 514 Boeotos
556 473 750 514 conferre.
802 486 973 527 quorum
1007 480 1192 513 neutrum
1224 486 1314 514 cum
1345 475 1476 524 fieret,
1508 474 1637 515 verbis

181 539 337 574 tantum
368 532 545 571 civitates
575 538 809 571 excusarent
840 531 936 571 nihil
968 530 1129 584 publico
1158 531 1327 572 consilio
1357 532 1504 572 factum
1536 544 1637 580 esse,

179 591 311 631 missis
333 590 506 629 Athenas
528 596 566 629 et
588 589 628 629 in
647 590 832 629 Achaiam
854 589 1006 638 legatis,
1030 589 1097 642 qui
1119 595 1361 630 testarentur
1381 590 1512 630 socios
1532 589 1636 630 iusto

128 660 147 691 ε)
179 649 327 704 pioque
358 660 398 687 se
421 646 524 687 bello
557 654 862 700 persecuturum
883 647 1078 696 Boeotos,
1110 653 1149 687 et
1172 659 1264 687 cum
1295 654 1408 701 parte
1430 647 1637 701 copiarum

181 708 255 759 Ap.
274 705 436 745 Claudio
461 705 721 758 Acraephiam
744 705 801 745 ire
823 705 930 745 iusso
953 705 1037 758 ipse
1059 717 1149 744 cum
1172 711 1285 758 parte
1317 705 1539 746 Coroneam
1560 705 1638 745 cir-

180 763 367 804 cumsidit
397 763 552 803 vastatis
585 762 697 816 prius
718 763 846 815 agris,
877 775 953 815 qua
982 762 1030 802 ab
1054 761 1178 802 Elatia
1201 763 1279 802 duo
1308 763 1459 803 diversa
1480 762 1638 815 agmina

111 830 148 863 to
180 822 273 862 iere.
311 822 384 861 hac
406 820 578 873 perculsi
602 820 711 860 clade
731 820 884 869 Boeoti,
907 832 996 860 cum
1019 821 1152 860 omnia
1174 826 1326 861 terrore
1347 833 1393 860 ac
1415 821 1508 872 fuga
1529 832 1638 860 com-

180 879 284 933 pleta
308 885 453 926 essent,
474 878 626 930 legatos
647 878 820 918 mittunt.
861 878 930 931 qui
952 890 1043 918 cum
1066 878 1105 917 in
1129 884 1254 918 castra
1277 890 1360 918 non
1382 878 1638 918 admitteren-

110 945 146 978 11
179 944 265 984 tur,
303 936 447 976 Achaei
485 936 831 988 Atheniensesque
877 942 1207 988 supervenerunt.

1269 935 1359 989 plus
1394 935 1640 976 auctoritatis

181 993 326 1034 Achaei
346 993 570 1033 habuerunt
585 994 859 1046 deprecantes,
882 993 987 1045 quia,
1005 993 1044 1032 ni
1062 993 1341 1046 impetrassent
1357 1005 1495 1046 pacem
1511 992 1640 1032 Boeo-

110 1060 149 1093 12
180 1053 244 1098 tis,
268 1051 414 1090 bellum
438 1050 554 1090 simul
577 1063 714 1101 gerere
737 1050 1004 1090 decreverant.
1043 1063 1112 1103 per
1130 1051 1308 1090 Achaeos
1329 1057 1369 1090 et
1388 1050 1550 1090 Boeotis
1571 1062 1640 1090 co-

182 1110 244 1163 pia
267 1109 437 1149 adeundi
460 1108 780 1161 adloquendique
802 1107 1026 1148 Romanum
1060 1108 1159 1148 sacta
1182 1115 1240 1147 est
1261 1108 1458 1161 iussisque
1488 1108 1641 1148 tradere

182 1167 324 1207 noxios
346 1173 383 1206 et
405 1165 551 1206 multae
575 1166 735 1205 nomine
766 1165 927 1218 triginta
949 1165 1132 1205 conferre
1161 1165 1306 1206 talenta
1328 1178 1404 1219 pax
1425 1166 1512 1206 data
1533 1172 1572 1205 et
1592 1165 1640 1206 ab

182 1224 486 1278 oppugnatione
507 1235 722 1263 recessum.

298 1281 451 1322 Paucos
472 1289 562 1334 post
584 1281 668 1321 dies
690 1281 826 1320 decem
849 1280 965 1333 legati
994 1280 1041 1320 ab
1065 1279 1188 1320 Roma
1221 1288 1437 1328 venerunt,
1471 1292 1643 1334 quorum

181 1361 315 1399 Plural;
335 1371 361 1394 s.
378 1363 409 1401 2,
424 1362 479 1403 64,
495 1363 531 1399 3;
552 1362 605 1400 21,
624 1363 675 1401 15,
694 1364 731 1398 1;
751 1361 805 1400 24,
820 1361 875 1401 25,

182 1410 202 1441 9
222 1418 252 1440 u.
273 1418 321 1446 a.;
349 1417 385 1440 es
404 1407 448 1440 ist
467 1406 559 1440 nicht
578 1406 693 1440 Abstr.
714 1416 776 1450 pro
795 1416 876 1439 con-

182 1457 295 1492 creto,
328 1452 475 1486 sondern
508 1452 591 1485 kurz
617 1456 756 1495 gesagt:
797 1462 873 1485 man

183 1498 262 1532 fand
289 1498 420 1541 insolge
439 1498 497 1531 der
515 1498 670 1541 sogleicli
691 1498 874 1541 angesiihr-

184 1551 242 1579 ten
280 1544 486 1585 Umstande,
525 1544 600 1578 dass
628 1571 634 1577 .
658 1571 664 1577 .
694 1544 874 1587 begangen

183 1601 310 1625 waren.
330 1610 372 1615 —
392 1602 437 1623 εει
463 1590 547 1623 limo
568 1617 575 1625 .
590 1617 598 1625 .
616 1592 760 1632 stagno]
784 1594 874 1623 setzt

183 1637 248 1671 den
275 1636 398 1670 Herbst
424 1646 565 1676 voraus,
601 1636 641 1670 da
670 1637 713 1668 im
742 1635 876 1669 Winter

182 1682 243 1716 der
262 1682 326 1717 See
346 1682 571 1716 wasserreich
590 1683 652 1720 ist;
680 1681 823 1715 Bursian
847 1684 875 1723 1,

186 1732 261 1763 195.
281 1749 324 1752 —
342 1731 443 1762 suasis
461 1754 468 1761 .
485 1756 490 1762 .
511 1729 668 1768 adneoea]
696 1729 764 1771 vgl.
785 1728 875 1762 curt.

184 1779 214 1812 5.
244 1778 273 1816 1,
301 1778 353 1810 30.
385 1795 429 1799 -
463 1775 590 1815 multa]
623 1772 726 1807 ‘viele
758 1771 874 1815 auctr,

181 1821 364 1864 plurimae
383 1820 647 1864 entsprechend.
674 1840 717 1844 —
743 1822 875 1853 Acrae-

178 1868 302 1911 phiae]
329 1868 362 1901 in
390 1867 448 1900 der
474 1866 568 1900 Nahe
595 1866 655 1900 des
673 1865 812 1910 Kopais.
832 1886 875 1890 —

186 1914 379 1954 Coroneae]
406 1924 431 1947 S.
459 1915 513 1955 36,
540 1914 594 1953 20,
621 1913 674 1946 2s.

233 1962 263 1993 7.
300 1962 505 2002 interempti
542 1961 659 2000 erant]
699 1958 729 1993 d.
757 1959 789 1992 h.
828 1959 877 1992 sie

185 2016 300 2038 waren
329 2010 379 2039 tot
407 2005 580 2048 gesunden
607 2005 767 2043 worden;
795 2015 822 2037 s.
848 2009 877 2045 1,

187 2054 242 2087 54,
270 2056 299 2086 b.
326 2070 370 2075 -—
398 2052 546 2092 talenta]
574 2063 600 2086 S.
628 2054 684 2093 32,
711 2053 765 2093 40,
793 2053 823 2085 9.

234 2099 263 2131 8.
292 2101 509 2130 accusarent
535 2097 630 2129 nihil
653 2124 661 2132 .
680 2099 702 2138 .]
730 2097 796 2130 wie
824 2097 878 2137 28,

187 2144 242 2183 37,
270 2145 304 2176 2:
327 2154 507 2185 purgare:
536 2145 589 2177 32.
615 2145 670 2181 40,
700 2146 732 2176 1:
760 2142 881 2182 defen-

187 2189 287 2226 dere;
315 2207 358 2217 =
385 2189 435 2221 als
468 2188 767 2231 lintschuldigung
800 2199 878 2221 vor-

185 2235 366 2276 brachten,
391 2234 464 2268 dass
492 2262 498 2267 .
523 2261 531 2269 .
557 2255 601 2259 —
621 2235 768 2277 publico
796 2245 878 2267 eon-

186 2281 282 2322 silio]
318 2292 346 2316 s,
380 2283 411 2322 6,
441 2283 492 2321 10,
521 2283 551 2315 7.
582 2300 626 2305 -
661 2283 880 2313 testarentur

187 2329 314 2368 socios]
349 2338 375 2361 s,
401 2330 432 2368 4,
459 2329 513 2369 53,
540 2330 558 2360 5
585 2338 617 2361 u.
644 2337 673 2360 a.
708 2346 753 2350 —
785 2329 879 2359 iusto

184 2375 321 2416 pioque
340 2399 347 2407 .
363 2401 370 2408 .
387 2373 488 2414 bello]
505 2383 530 2406 S.
553 2375 582 2412 1,
601 2374 655 2413 22,
672 2375 706 2409 4;
727 2375 758 2413 9,
780 2375 805 2413 l,
827 2375 879 2406 10.

235 2421 266 2452 9.
290 2423 398 2462 parte
425 2445 454 2454 ..
479 2421 596 2462 parte]
617 2420 655 2461 je
682 2418 736 2452 die
754 2418 880 2451 Halfte.

189 2484 234 2488 —
262 2465 458 2499 Coroneam
484 2465 720 2506 circumsidit]
752 2465 823 2507 vgl.
849 2466 880 2505 9,

191 2512 245 2551 21,
273 2514 310 2545 6:
338 2512 520 2544 Plisticam
547 2536 579 2544 ..
606 2511 880 2544 circumsidunt.

191 2576 234 2580 k
262 2557 415 2599 (Uret-sa]
443 2568 468 2591 S.
501 2560 549 2599 15,
571 2559 601 2591 3.

999 1360 1048 1393 10.
1063 1360 1202 1392 Achaei
1209 1359 1528 1402 Atheniensesque]
1539 1359 1643 1394 naml.

946 1404 1133 1439 Gesandte.

996 1453 1047 1485 11.
1073 1450 1193 1493 simul}
1230 1450 1333 1484 naml.
1368 1461 1448 1483 cum
1472 1449 1643 1484 Romanis

947 1500 1074 1530 contra
1093 1497 1261 1535 Boeotos;
1288 1494 1496 1530 schwerlich
1521 1496 1640 1530 wurde

946 1542 1128 1582 Quinctius
1154 1542 1260 1576 durch
1294 1541 1414 1575 diesen
1438 1541 1556 1576 Grund
1583 1543 1642 1576 be-

946 1588 1089 1629 stimmt,
1117 1588 1158 1622 da
1184 1587 1238 1621 die
1256 1587 1391 1621 Achaei·
1408 1588 1495 1621 nach
1513 1588 1643 1622 Ablaus

947 1634 1008 1668 des
1036 1633 1388 1668 Waffenstillstandes
1423 1633 1531 1667 Nabis
1557 1634 1641 1668 wie-

947 1680 1006 1714 der
1033 1691 1073 1714 zu
1100 1680 1256 1714 furchten
1283 1680 1413 1714 hatten.
1446 1679 1508 1714 Die
1535 1679 1641 1714 Athe-

947 1737 1008 1761 ner
1033 1726 1173 1760 konnen
1191 1736 1252 1770 gar
1268 1725 1370 1760 keine
1388 1725 1641 1770 Halfstruppen

946 1773 1188 1816 versprechen.

997 1821 1047 1853 12.
1073 1819 1210 1852 multae
1233 1818 1388 1861 nomine]
1413 1814 1478 1852 als
1497 1815 1641 1858 Strafe’3

946 1865 1018 1909 vgl.
1045 1867 1098 1906 30,
1126 1867 1180 1907 31,
1207 1866 1247 1899 9:
1274 1875 1366 1907 quae
1382 1865 1432 1897 sit
1452 1863 1578 1898 multa.
1597 1883 1643 1888 —

948 1914 998 1944 tr·
986 1913 1116 1954 zginta]
1135 1921 1158 1943 v
1160 1911 1206 1954 gl.
1221 1909 1320 1944 Mms.
1339 1910 1426 1954 Eph.
1444 1920 1498 1954 ep.
1515 1913 1544 1952 1,
1563 1911 1642 1944 294.

992 1955 1154 1992 30—33.
1160 1921 1300 1990 gFriede
1322 1956 1385 1990 mit
1402 1955 1553 2000 Philipp.
1578 1955 1642 1990 Be-

948 2003 1084 2046 sreiung
1093 2002 1375 2037 Griechenlands.
1390 2001 1464 2036 Pol.
1476 2004 1527 2043 18,
1537 2004 1578 2036 27
1590 2001 1640 2041 ff.;

948 2048 1040 2084 Plut.
1054 2049 1161 2083 Flam.
1179 2050 1235 2086 1ος
1252 2048 1340 2092 App.
1355 2046 1488 2083 Maced.
1502 2050 1540 2087 93
1559 2047 1642 2083 Zon.

949 2097 981 2137 9,
1011 2097 1068 2134 16;
1103 2094 1209 2128 lustin
1241 2096 1295 2136 30,
1322 2096 1360 2134 2;
1391 2093 1466 2127 Val.
1493 2092 1584 2128 Max.
1610 2096 1643 2137 4,

951 2143 980 2181 8,
1001 2144 1031 2176 5.

997 2189 1027 2221 1.
1051 2196 1188 2229 paucos
1211 2188 1295 2229 post
1317 2186 1406 2226 dies]
1429 2195 1455 2219 s.
1475 2187 1529 2226 31,
1548 2187 1604 2226 24,
1623 2187 1641 2219 7

950 2244 981 2266 u.
1001 2243 1030 2265 a.
1056 2252 1101 2256 —
1127 2233 1244 2265 decem
1270 2233 1393 2275 legati]
1427 2241 1454 2265 S.
1474 2233 1529 2273 24,
1548 2234 1580 2265 7.
1599 2251 1643 2255 -
1707 2242 1712 2268 5

950 2289 1104 2331 quorum
1137 2290 1183 2311 eoe
1217 2278 1392 2311 oonsztio.
1407 2279 1428 2319 .]
1464 2286 1491 2311 S.
1521 2257 1577 2318 31,
1603 2279 1642 2318 43

950 2324 1043 2358 Pol.:
1063 2321 1151 2367 ἧκον
1167 2327 1207 2357 ἐκ
1223 2325 1287 2366 τῆς
1301 2320 1436 2367 (Ρώμης
1456 2321 1494 2357 οἱ
1509 2319 1643 2358 δέκα..

950 2371 1159 2424 κομίζοντες
1182 2367 1225 2403 τὸ
1251 2369 1314 2412 τῆς
1339 2366 1538 2424 συγκλήτου
1564 2366 1644 2415 δόγ-

949 2429 1023 2470 μα
1034 2414 1075 2450 τὸ
1117 2418 1201 2461 περὶ
1234 2416 1296 2458 τῆς
1327 2414 1488 2460 πρὸςΦ
1453 2413 1644 2449 Φίλιππον

950 2473 1102 2542 {⁶1⁹ng
1096 2482 1171 2541 υἷ’
1165 2472 1294 2550 hffssoes
1309 2461 1439 2550 έθὸἷῧῖ]
1455 2471 1510 2550 2⁸3,
1514 2463 1586 2549 3314,
1590 2463 1643 2547 11¹}

952 2556 1006 2597 29,
1029 2556 1080 2598 12,
1104 2557 1153 2589 14.

1435 90 1460 110 a.
1480 91 1508 110 u.
1529 90 1553 111 ο.
1571 81 1633 109 558.
1728 0 1747 191 ³

1738 268 1747 433 1
