1747 2828
135 743 184 780 50

201 109 281 149 164

616 109 738 143 LIBER
763 109 923 144 XXXIllI.
972 109 1064 144 CAP.
1091 112 1147 145 49.
1183 111 1236 143 50.

1439 128 1464 148 a.
1484 130 1512 148 u.
1531 129 1555 148 c.
1574 121 1636 147 560.

149 240 168 268 ε)
200 234 286 273 ant,
314 226 567 279 praecipitem
599 232 635 265 et
665 225 892 265 effrenatam
923 238 1020 265 esse.
1072 225 1305 264 concordiae
1342 224 1382 263 in
1416 225 1636 266 civitatibus

202 284 401 336 principes
424 290 458 322 et
477 283 635 322 ordines
652 282 755 321 inter
776 295 829 330 se,
852 289 890 322 et
910 283 950 321 in
968 295 1179 322 commune
1196 294 1334 321 omnes
1351 282 1525 322 civitates
1541 295 1637 323 con-

201 341 387 393 sulerent.
427 340 610 379 adversus
631 339 917 383 consentientis
948 352 1021 378 nec
1042 351 1175 390 regem
1199 350 1438 391 quemquam
1459 340 1552 380 satis
1571 353 1638 380 va-

134 406 171 438 10
200 397 320 437 lidum
339 410 411 436 nec
427 403 636 448 tyrannum
655 397 760 445 sore;
783 397 1017 436 discordiam
1033 403 1070 435 et
1093 396 1325 436 seditionem
1341 396 1471 436 omnia
1489 409 1637 450 oppor-

202 461 297 494 tuna
319 453 594 493 insidiantibus
615 454 765 501 facere,
796 466 884 492 cum
908 466 1016 505 pars,
1047 466 1145 505 quae
1177 453 1392 493 domestico
1425 454 1636 494 certamine

134 519 170 551 11
202 511 365 550 inferior
386 511 453 557 sit,
477 517 637 549 externo
660 511 792 562 potius
813 523 854 549 se
875 510 1046 563 applicet
1080 522 1196 562 quam
1235 509 1307 549 civi
1328 510 1450 549 cedat.
1501 510 1640 550 alienis

144 613 146 615 ,
203 568 320 607 armis
341 575 504 619 partam,
527 573 685 607 externa
707 568 782 606 fide
803 567 992 606 redditam
1016 566 1237 606 libertatem
1259 579 1328 606 sua
1351 579 1444 606 cura
1466 568 1638 607 custodi-

202 631 291 663 rent
312 630 611 677 servarentque,
642 630 684 664 ut
706 624 880 677 populus
901 623 1102 663 Romanus
1124 624 1252 675 dignis
1273 624 1400 663 datam
1421 623 1639 664 libertatem

203 694 247 720 ac
269 694 414 720 munus
435 694 551 720 suum
572 681 674 720 bene
696 682 864 733 positum
890 682 1019 720 sciret.

319 738 396 777 Has
426 739 529 777 velut
565 739 738 790 parentis
767 751 882 777 voces
915 750 1003 777 cum
1033 738 1233 785 audirent,
1269 749 1428 777 manare
1457 738 1641 778 omnibus

203 795 343 846 gaudio
366 795 568 842 lacrimae,
601 796 696 834 adeo
719 802 762 834 ut
783 796 913 847 ipsum
936 807 1095 847 quoque
1117 795 1409 834 confunderent
1430 795 1639 835 dicentem.

152 861 170 892 2
201 851 401 904 paulisper
421 852 599 891 fremitus
628 852 930 904 approbantium
951 852 1051 891 dicta
1082 852 1155 891 fuit
1183 851 1513 904 monentiumque
1544 852 1642 891 alio-

201 921 289 948 rum
311 908 428 955 alios,
461 916 501 948 ut
524 921 588 948 eas
610 922 724 948 voces
747 909 852 948 velut
881 909 1041 948 oraculo
1063 910 1201 948 missas
1223 909 1262 947 in
1285 914 1446 960 pectora
1466 909 1641 948 animos-

153 975 171 1005 3
205 978 280 1017 que
303 966 562 1004 demitterent.
613 966 769 1005 silentio
793 966 933 1005 deinde
961 967 1061 1005 sacto
1084 966 1194 1018 petiit
1215 965 1262 1004 ab
1285 965 1353 1013 iis,
1384 971 1427 1004 ut
1448 965 1543 1005 civis
1562 965 1641 1005 Ro-

202 1034 354 1069 manos,
377 1022 408 1061 si
432 1023 497 1073 qui
519 1023 622 1075 apud
639 1035 707 1062 eos
728 1023 768 1062 in
791 1023 975 1062 servitute
992 1028 1135 1070 essent,
1158 1021 1405 1074 conquisitos
1424 1022 1526 1062 intra
1543 1024 1642 1062 duos

202 1091 358 1118 menses
374 1079 573 1118 mitterent
596 1080 641 1118 ad
660 1092 700 1118 se
723 1080 762 1118 in
779 1079 810 1118 T
814 1080 1038 1128 bessaliam3
1062 1092 1112 1119 ne
1129 1079 1225 1131 ipsis
1254 1079 1412 1131 quidem
1428 1079 1641 1119 honestum

152 1147 171 1177 4
204 1148 287 1175 esse
309 1136 349 1175 in
372 1136 532 1175 liberata
555 1142 656 1176 terra
678 1136 908 1176 liberatores
930 1137 1014 1175 eius
1029 1136 1187 1176 servire.
1224 1148 1363 1175 omnes
1379 1135 1644 1176 acclamarunt

201 1193 343 1243 gratias
364 1205 404 1232 se
426 1193 532 1232 inter
552 1200 681 1232 cetera
704 1194 817 1232 etiam
842 1193 891 1232 ob
914 1194 989 1232 hoc
1009 1205 1138 1245 agere,
1161 1193 1267 1245 quod
1287 1193 1475 1232 admoniti
1497 1200 1642 1241 essent,

153 1261 171 1291 5
202 1256 245 1288 ut
264 1256 341 1289 tam
366 1250 446 1302 pio,
468 1257 545 1289 tam
570 1250 790 1290 necessario
814 1250 945 1290 officio
968 1251 1241 1301 fungerentur.
1292 1251 1434 1301 ingens
1456 1263 1644 1290 numerus

201 1374 322 1414 miam,
337 1373 444 1405 sowie
454 1373 629 1404 salubrem
644 1373 711 1406 und
717 1383 867 1415 gravem
879 1388 885 1412 ς

201 1418 360 1451 letzteres
384 1418 428 1451 ist
453 1418 533 1450 aber
550 1419 755 1461 Apposition
773 1430 815 1452 zu
833 1421 887 1451 ni-

200 1466 310 1495 miam
328 1463 511 1506 geworden
537 1464 604 1496 und
630 1464 733 1497 daher
750 1464 803 1497 ein
829 1465 887 1497 be-

202 1509 365 1542 sonderes
398 1507 558 1541 Pradikat
594 1519 635 1541 zu
672 1511 818 1542 nimiam
853 1510 886 1542 in

203 1554 269 1587 den
294 1553 434 1586 Worten
462 1556 698 1596 praecipitem
729 1558 764 1587 et
788 1555 889 1595 effre-

201 1603 326 1632 natam
358 1610 427 1631 esse
459 1599 693 1642 hinzugesiigt.
718 1619 762 1624 ——
782 1611 889 1643 prae-

200 1646 343 1686 cipitem
370 1648 403 1676 et
427 1645 649 1687 effrenatam]
676 1645 760 1678 iiber
779 1657 886 1688 prae-

202 1701 281 1732 ceps
306 1700 332 1722 s.
357 1691 389 1732 4,
410 1692 461 1729 11,
480 1692 515 1723 2:
551 1692 588 1722 ίη
612 1702 651 1722 re
672 1694 884 1734 praeeipiti;

203 1735 258 1768 die
277 1734 498 1778 Verbindung
520 1735 579 1769 der
596 1735 714 1769 Worte
735 1737 800 1770 wie
818 1737 885 1770 Cic.

202 1792 236 1824 p.
251 1781 340 1813 Cael.
360 1783 420 1814 35:
438 1785 551 1813 mente
565 1784 683 1814 neseio
702 1793 772 1824 qua
785 1784 887 1823 effre-

202 1829 289 1858 nata
307 1828 626 1869 atquepraecipiti.
658 1827 741 1860 Zum
755 1828 887 1861 Gedan-

203 1871 269 1904 ken
288 1872 356 1914 vgl.
376 1873 429 1913 23,
449 1874 479 1912 2,
501 1875 533 1906 1:
554 1873 670 1914 plebis
690 1875 765 1905 sine
781 1874 885 1906 modo

203 1918 403 1949 libertatem
427 1920 642 1956 eoeercentz's;
670 1918 737 1952 Cic.
756 1919 797 1952 de
815 1930 886 1962 rep.

205 1965 235 2004 1,
250 1964 309 1996 66:
330 1973 408 1994 cnm
422 1964 653 2005 inea-plebz'les
660 1965 791 2007 populi
806 1967 888 2004 san-

204 2018 258 2039 ces
289 2012 512 2040 exaruerunt
544 2009 721 2041 libertatis
749 2012 823 2052 siti,
855 2014 889 2042 et

202 2053 263 2085 ille
277 2079 283 2086 .
300 2080 307 2087 .
322 2064 393 2085 non
410 2054 547 2086 modice
571 2057 803 2097 temperatam
827 2057 890 2088 sed

203 2100 310 2130 nimis
328 2109 504 2130 meracam
521 2101 645 2131 sitiens
662 2102 782 2133 lzansz‘t
795 2126 803 2134 .
819 2127 826 2134 .
843 2121 887 2125 ——

205 2155 297 2176 esse.
313 2170 321 2178 .
337 2143 420 2187 esse]
447 2154 472 2178 S.
499 2147 553 2185 40,
579 2146 632 2186 34,
662 2149 714 2179 11.

251 2202 281 2234 9.
303 2202 499 2243 principes]
533 2201 586 2234 die
619 2212 660 2234 an
686 2202 745 2235 der
771 2202 887 2245 Spitze

206 2246 265 2279 der
282 2257 349 2279 von
374 2246 438 2279 den
456 2245 601 2279 Romern
622 2248 887 2290 eingerichteten

205 2291 505 2325 aristokratischen
532 2291 783 2335 Verfassungen
814 2292 889 2326 Ste-

206 2337 356 2375 hendem
383 2347 410 2371 S.
428 2339 482 2378 48,
502 2339 532 2370 2.
551 2340 604 2379 51,
624 2340 654 2371 6.
673 2358 716 2362 —
735 2339 887 2381 ordines]

206 2381 260 2414 die
297 2383 437 2424 iibrigen
476 2382 612 2416 stende.
652 2403 697 2407 --
725 2386 761 2415 in
799 2395 891 2416 com-

206 2437 310 2459 mune
325 2452 332 2460 .
348 2429 368 2467 .]
394 2428 426 2459 in
446 2427 632 2461 Riicksiclit
650 2429 709 2461 auf
723 2430 803 2471 (fiir)
829 2430 889 2462 das

207 2476 358 2513 gesainte
372 2472 626 2514 Griechenland,
646 2474 742 2507 oder:
763 2475 815 2508 fiir
829 2475 888 2508 das

208 2517 438 2550 Gesamtwohl
455 2517 734 2559 Griechenlands;
750 2520 819 2563 vgl.
834 2522 888 2560 32,

209 2562 263 2599 21,
286 2565 294 2594 1
313 2576 318 2594 :
344 2564 382 2594 in
401 2573 583 2596 commune
600 2566 799 2598 consultam
816 2577 886 2598 non

959 1374 1049 1411 vult3
1078 1372 1157 1406 Tac.
1175 1372 1255 1416 Agr.
1285 1374 1323 1406 12
1342 1384 1375 1408 u.
1392 1383 1422 1406 a.
1447 1392 1492 1397 —
1517 1384 1642 1407 consu-

958 1417 1085 1461 lerent]
1120 1418 1206 1451 nach
1238 1418 1314 1452 dem
1339 1419 1643 1462 vorhergehenden

956 1467 1125 1502 mantum
1145 1474 1171 1497 S.
1185 1474 1228 1496 zu
1242 1465 1296 1505 21,
1311 1465 1365 1505 30,
1382 1466 1434 1498 10.
1449 1484 1493 1489 —
1510 1468 1644 1507 regem]

957 1509 1158 1550 Antiochus,
1173 1508 1329 1552 Pliilipp3
1345 1513 1558 1553 tyrannum:
1577 1510 1645 1544 Na-

957 1555 1020 1587 bis.

1007 1602 1058 1633 10.
1082 1600 1351 1641 insidiantibus]
1368 1600 1414 1633 ist
1430 1600 1569 1634 absolut
1586 1611 1644 1644 ge—

957 1645 1109 1685 braucht,
1136 1646 1217 1678 aber
1238 1645 1344 1678 leicht
1363 1646 1536 1679 Graeciae
1561 1646 1643 1680 oder

957 1693 1114 1724 libertati
1138 1701 1180 1724 zu
1205 1690 1351 1725 denken.

1005 1750 1056 1781 11.
1081 1748 1162 1788 fide]
1194 1747 1274 1780 weil
1308 1747 1362 1780 die
1393 1747 1519 1781 Romer
1542 1747 1643 1782 Wort

957 1794 1114 1837 gehalten
1151 1792 1273 1826 haben.
1306 1813 1351 1817 —
1376 1794 1507 1836 dignis]
1541 1794 1643 1827 niiml.

957 1841 1085 1882 quibus
1109 1839 1275 1877 daretur-3
1299 1849 1325 1872 s.
1346 1840 1400 1879 21,
1416 1840 1447 1879 6,
1463 1841 1495 1872 4.
1511 1858 1553 1863 —-
1568 1838 1644 1880 ac]*

957 1904 1001 1909 —-
1016 1886 1281 1926 beneposz'tzcm]
1302 1884 1372 1927 vgl.
1386 1886 1417 1926 2,
1431 1887 1486 1926 42,
1503 1886 1538 1918 S:
1561 1886 1646 1917 bene

958 1931 1097 1962 locatus
1122 1931 1243 1962 honos.

1004 1974 1066 2010 50.
1098 1977 1128 2010 2.
1153 1975 1322 2014 fremitus
1352 1975 1643 2019 approbantium]

958 2032 984 2054 S.
1004 2023 1058 2061 32,
1077 2023 1131 2063 22,
1152 2023 1181 2055 1.
1205 2040 1250 2045 —
1274 2019 1363 2060 sitit]
1389 2031 1417 2055 s.
1442 2022 1497 2062 54,
1526 2024 1562 2058 1;
1589 2022 1643 2062 26,

959 2068 1012 2107 35,
1030 2069 1062 2100 4.
1089 2085 1129 2090 —
1158 2067 1305 2099 oraculo
1329 2065 1468 2107 missas]
1493 2076 1519 2099 s.
1539 2068 1570 2107 3,
1588 2067 1643 2106 34,

961 2115 988 2146 1.
1014 2130 1059 2136 —-—
1081 2113 1242 2154 pectora]
1268 2121 1295 2144 s.
1323 2113 1352 2151 1,
1370 2113 1426 2151 59,
1444 2112 1474 2144 2.

1005 2159 1035 2191 3.
1072 2159 1104 2189 si
1136 2158 1256 2199 qui..]
1296 2155 1643 2199 verallgemeinernd;

959 2203 1053 2236 nicht
1079 2202 1128 2235 als
1155 2203 1246 2234 ware
1272 2211 1309 2234 es
1333 2201 1504 2244 ungewiss
1529 2211 1644 2244 gewe-

959 2258 1030 2284 sen,
1056 2248 1099 2281 ob
1125 2247 1198 2280 sich
1215 2246 1348 2280 welche
1372 2246 1510 2282 fanden.
1536 2266 1581 2272 —
1604 2250 1643 2280 in

957 2295 1138 2333 servitute]
1157 2293 1216 2326 der
1233 2291 1401 2326 saktische
1415 2292 1565 2326 Zustand
1585 2292 1644 2326 der

960 2339 1152 2376 Sklaverei;
1179 2337 1248 2380 vgl.
1273 2340 1304 2378 7,
1324 2339 1377 2372 12.
1396 2340 1449 2372 13.
1475 2358 1520 2362 -
1544 2339 1643 2371 intra

961 2385 1048 2417 duos
1084 2385 1227 2423 menses]
1265 2382 1381 2417 Diod.:
1418 2384 1459 2416 ἐν
1498 2379 1644 2429 ἡμέραις

959 2427 1166 2474 τριάκοντα.

1005 2478 1036 2510 4.
1064 2478 1136 2507 tam
1160 2473 1394 2514 necessario]*

1005 2524 1035 2554 5.
1061 2522 1188 2562 ingens
1202 2543 1210 2551 .
1225 2521 1246 2559 .]
1272 2528 1333 2551 aus
1357 2518 1417 2552 der
1433 2518 1641 2562 beilaufigen

958 2565 1175 2607 Bemerkung
1188 2563 1267 2597 lasst
1280 2564 1351 2597 sich
1367 2564 1425 2597 der
1437 2566 1552 2608 grosse
1560 2564 1644 2598 Ver·
