1795 2844
586 81 711 115 LIBER
734 80 894 114 xxxnn.
943 79 1038 117 CAP.
1064 81 1118 115 29.
1489 77 1570 116 135

115 103 142 122 a.
161 94 226 122 clu.
245 101 275 121 n.
295 94 353 121 195.

117 200 301 241 faciunda
332 212 452 252 opera
483 205 615 246 erant,
647 198 787 237 effecit.
839 197 916 236 iam
948 197 1211 237 testudinibus
1241 196 1408 236 admotis
1436 209 1574 236 murus
1604 203 1624 235 6

118 257 406 304 subruebantur,
436 257 511 296 iam
534 255 723 296 arietibus
745 254 1005 307 quatiebatur.
1057 255 1189 307 itaque
1212 267 1290 294 una
1311 253 1461 293 crebris
1484 254 1570 293 icti-

117 315 193 356 bus
214 327 345 354 eversa
368 322 426 354 est
455 314 577 353 turris
599 313 784 365 quodque
806 312 910 351 circa
932 313 1034 351 muri
1067 320 1149 351 erat
1172 324 1265 351 casu
1289 311 1373 351 eius
1394 318 1571 363 prostra-

117 380 222 421 tum;
241 380 280 412 et
295 371 465 411 Romani
481 370 599 410 simul
615 383 636 410 a
653 378 784 422 portu,
803 369 907 408 unde
925 369 1052 408 aditus
1071 369 1225 421 planior
1243 376 1337 416 erat,
1360 376 1404 408 ut
1420 369 1571 408 disten-
1602 376 1620 407 ἰ

118 431 259 470 derent
279 429 327 469 ab
349 428 547 482 apertiore
574 427 663 467 loco
685 427 832 473 hostis,
865 426 981 466 simul
1003 439 1075 479 per
1101 427 1339 479 patefactum
1360 426 1475 466 ruina
1496 426 1571 465 iter

118 487 350 540 inrumpere
367 486 625 526 conabantur.
665 497 739 524 nec
753 483 923 523 multum
939 484 1050 530 afuit,
1074 483 1184 536 quin,
1207 496 1283 536 qua
1301 483 1570 531 intenderant,
1602 488 1621 521 8

120 550 398 598 penetrarent3
429 543 494 582 sed
519 542 680 582 tardavit
710 541 901 594 impetum
925 553 1062 580 eorum
1085 554 1176 593 spes
1197 541 1352 580 obiecta
1374 540 1573 581 dedendae

122 601 245 649 urbis,
267 613 359 640 mox
379 600 522 640 deinde
542 599 676 638 eadem
698 599 866 638 turbata.
913 597 1177 649 Dexagoridas
1200 606 1238 637 et
1259 598 1466 651 Gorgopas
1487 598 1573 650 pari

120 658 289 712 imperio
311 665 521 710 praeerant
541 656 644 696 urbi.
696 655 961 707 Dexagoridas
981 656 1142 695 miserat
1162 656 1209 695 ad
1232 656 1405 707 legatum
1428 655 1572 694 Roma·
1603 661 1621 693 9

120 728 218 756 num
238 715 476 755 traditurum
497 727 538 753 se
569 714 732 761 urbem;
763 721 800 753 et
827 725 917 753 cum
938 713 986 752 ad
1017 725 1102 752 eam
1123 725 1208 752 rem
1236 720 1395 765 tempus
1416 720 1454 752 et
1475 713 1573 752 ratio
1604 718 1642 751 1υ

119 773 384 819 convenisset,
406 785 427 811 a
449 771 635 824 Gorgopa
657 771 836 824 proditor
855 770 1105 817 interficitur,
1128 770 1399 822 intentiusque
1422 770 1469 809 ab
1493 782 1573 810 uno

118 830 214 871 urbs
244 828 542 869 defendebatur.
594 836 633 868 et
663 828 862 868 difficilior
897 828 999 867 facta
1036 828 1281 880 oppugnatio
1319 834 1421 875 erat,
1458 827 1499 866 ni
1529 827 1574 866 T.

118 887 332 934 Quinctius
354 899 444 926 cum
467 893 654 938 quattuor
674 885 836 925 milibus
857 885 1103 924 delectorum
1131 884 1301 924 militum
1323 884 1575 937 supervenis-

119 951 192 985 set.
242 945 276 984 is
297 956 388 984 cum
419 943 634 996 supercilio
656 943 759 982 haud
791 942 933 996 procul
954 942 1135 982 distantis
1158 941 1299 982 tumuli
1321 941 1369 981 ab
1392 941 1491 981 urbe
1514 942 1575 981 in·
1608 947 1646 979 11

119 1008 309 1042 structam
338 1001 464 1041 aciem
493 1001 752 1048 ostendisset,
785 1007 823 1039 et
853 1013 898 1039 ex
928 999 1049 1039 altera
1080 1007 1192 1052 parte
1219 999 1262 1038 L.
1286 998 1497 1045 Quinctius
1529 999 1576 1038 ab

119 1059 310 1112 operibus
342 1059 424 1098 suis
445 1065 551 1098 terra
577 1058 756 1109 marique
782 1058 969 1103 instaret,
1003 1064 1087 1096 tuni
1112 1069 1200 1096 vero
1232 1057 1453 1109 desperatio
1477 1056 1577 1096 Gor·
1608 1062 1646 1094 12

120 1129 252 1170 gopan
274 1129 435 1169 quoque
456 1115 586 1167 coegit
607 1115 645 1154 id
668 1114 836 1162 consilii,
867 1114 973 1166 quod
995 1114 1036 1153 in
1059 1113 1181 1154 altero
1204 1120 1331 1153 morte
1352 1114 1575 1154 vindicave-

119 1181 200 1222 rat,
231 1185 394 1226 capere,
424 1180 464 1212 et
484 1180 645 1224 pactus,
675 1179 720 1211 ut
739 1172 935 1211 abducere
956 1171 1048 1210 inde
1068 1171 1214 1211 milites
1229 1202 1238 1219 ‚
1270 1183 1370 1223 quos
1392 1171 1577 1223 praesidii
1609 1175 1646 1208 13

121 1243 238 1271 causa
259 1230 440 1278 habebat,
472 1229 621 1277 liceret,
653 1229 811 1269 tradidit
832 1228 1016 1275 Quinctio
1040 1228 1192 1268 urbem.
1243 1228 1476 1281 priusquam
1500 1228 1577 1280 Gy·
1608 1233 1646 1266 14

118 1290 255 1328 theum
277 1288 512 1335 traderetur,
542 1286 781 1338 Pythagoras
796 1317 805 1333 ,
837 1287 1062 1339 praefectus
1083 1287 1198 1337 Argis
1219 1285 1403 1333 relictus,
1437 1286 1577 1326 tradita

121 1345 301 1386 custodia
332 1345 444 1385 urbis
464 1343 679 1384 Timocrati
701 1343 926 1383 Pellenensi
949 1355 1040 1383 cum
1062 1343 1169 1383 mille
1196 1343 1481 1383 mercennariis
1503 1343 1577 1382 mi-

120 1403 258 1443 litibus
289 1409 329 1442 et
359 1401 517 1442 duobus
544 1401 706 1441 milibus
736 1401 971 1452 Argivorum
999 1400 1337 1440 Lacedaemonem
1368 1400 1415 1439 ad
1437 1400 1577 1440 Nabim

122 1467 240 1500 venit.
278 1470 281 1471 ’

167 1552 199 1584 6.
220 1549 472 1588 testudinibus]
495 1547 556 1581 das
576 1547 667 1580 beim
689 1546 812 1580 Unter-

121 1596 250 1638 graben
268 1595 329 1629 dei·
342 1594 460 1628 Mauer
472 1595 740 1635 (sum-uebatur)
754 1602 812 1635 ge-

120 1641 287 1675 brauchte
317 1639 552 1680 Schutzdach‚
584 1639 639 1672 die
669 1636 810 1680 χελώνη

121 1683 317 1732 διορυκτίςς
350 1686 421 1729 vgl.
449 1686 505 1726 31,
526 1687 581 1725 46,
608 1687 668 1722 10;
703 1683 812 1728 Marq.

120 1734 152 1773 2,
174 1735 251 1766 510.
277 1751 322 1757 —
349 1732 572 1774 quodque..]
597 1741 624 1764 s.
649 1731 704 1771 21,
727 1732 758 1771 8,
780 1733 811 1763 5.

119 1797 166 1802 —-
191 1789 276 1811 casu
301 1778 411 1818 eius]*

168 1826 200 1857 7.
225 1835 247 1856 α
266 1825 393 1866 portu]
419 1821 595 1856 entweder
614 1821 721 1854 denkt
740 1820 812 1854 Liv.

882 1546 1055 1589 Hoffnung
1080 1547 1125 1579 ist
1150 1557 1193 1579 an
1219 1545 1273 1579 die
1301 1546 1479 1590 Erregung
1505 1547 1579 1581 der-

883 1593 1005 1626 selben
1039 1603 1103 1626 nur
1138 1591 1375 1636 angekniipst;
1410 1604 1437 1626 s.
1464 1595 1517 1633 26,
1540 1596 1578 1632 6;

882 1639 947 1672 wir
990 1643 1195 1672 erwarteten
1233 1639 1334 1672 einen
1366 1638 1577 1681 Gegensatz;

884 1695 910 1718 s.
938 1686 994 1725 42,
1021 1686 1060 1722 ὃς
1097 1686 1129 1725 3,
1160 1686 1214 1725 50,
1249 1686 1301 1718 12.
1335 1703 1380 1709 —
1411 1685 1511 1724 facta
1538 1711 1545 1719 .
1569 1712 1576 1718 .

883 1734 975 1770 erat,
999 1731 1097 1770 ni..]
1125 1740 1151 1763 s.
1177 1740 1218 1763 zu
1244 1731 1276 1769 2,
1301 1732 1362 1772 50,
1384 1734 1424 1764 10
1451 1730 1520 1764 und
1547 1732 1577 1771 3,

933 1824 987 1855 11.
1011 1821 1219 1863 supercilio]
1241 1831 1268 1853 s.
1290 1822 1344 1862 27,
1363 1822 1414 1862 ts,
1432 1823 1488 1860 10;
1508 1821 1579 1864 vgl.

120 1869 310 1903 denselben
333 1869 439 1902 naher
461 1868 513 1900 als
527 1867 696 1910 Polybios
716 1868 756 1909 (s.
771 1877 813 1900 zu

121 1916 144 1959 ξ
165 1916 199 1956 2)
224 1915 307 1948 oder
329 1925 365 1948 er
386 1914 461 1947 will
481 1924 544 1946 nur
564 1912 618 1945 die
640 1912 814 1955 Richtung

121 1961 290 2004 angeben.
307 1980 354 1984 —
371 1959 649 1999 distendor-eust]
670 1969 696 1991 s.
713 1961 743 1998 3,
758 1960 813 1999 23,

123 2009 160 2045 1;
197 2017 238 2040 an
264 2017 298 2039 u.
320 2005 368 2039 St.
394 2006 573 2049 magnam,
601 2019 646 2031 =
671 2004 745 2037 sich
771 2014 814 2036 zu

120 2052 228 2086 teilen
261 2053 404 2094 notigen
437 2051 507 2084 und
539 2060 577 2083 so
609 2052 699 2090 (zum
724 2049 814 2089 Teil)

121 2098 290 2131 abziehen
314 2107 383 2130 von
401 2122 409 2131 .
424 2123 432 2130 .
448 2116 491 2120 —
516 2097 699 2138 apertiore
722 2096 812 2136 loco]

120 2144 177 2177 die
213 2154 299 2177 vor·
335 2143 404 2176 und
443 2142 594 2175 nachher
637 2141 813 2174 erwahnte

120 2189 282 2223 Bresche.
313 2208 359 2213 —
382 2187 612 2232 patefactum
636 2189 759 2227 ruina]
786 2197 812 2219 s.

123 2236 178 2276 31,
203 2237 257 2275 17,
278 2236 309 2268 2.
330 2254 376 2258 —
400 2232 658 2273 conabantu⁷·]*

169 2282 200 2315 8.
227 2291 297 2323 qua
309 2280 552 2320 intenderant]
574 2289 601 2312 s.
619 2280 673 2319 35,
692 2280 743 2319 11,
759 2280 812 2313 13.

121 2344 166 2350 -—
192 2327 342 2366 obiecta]
378 2336 404 2359 s.
425 2328 457 2366 6,
490 2328 543 2366 14,
572 2326 624 2358 12.
657 2343 704 2348 —
727 2334 813 2357 moa:

123 2371 262 2413 deinde]
300 2382 327 2405 s.
360 2371 449 2405 Curt.
483 2373 536 2411 10,
564 2372 594 2411 3,
623 2372 681 2407 12;
717 2375 812 2403 sonst

121 2417 218 2450 mehr
242 2416 489 2455 beiDichtem3
515 2416 588 2459 vgl.
613 2426 655 2448 zu
683 2417 713 2455 2,
735 2417 765 2456 3,
782 2418 811 2449 S.

123 2481 166 2486 —-
185 2463 318 2504 eadem]
344 2472 371 2496 S.
390 2465 422 2505 6,
441 2465 472 2504 1,
493 2465 520 2496 1.
545 2481 591 2485 —
608 2462 815 2503 Deoeagori-

125 2508 222 2548 das-P*

174 2556 223 2587 10.
258 2555 292 2585 et
317 2555 409 2594 cum]
441 2552 495 2586 die
520 2551 730 2594 Tauschung
755 2551 814 2585 der

885 1877 926 1900 zu
953 1868 1008 1908 25,
1029 1869 1080 1907 15,
1101 1868 1160 1904 12;
1187 1867 1272 1899 iiber
1295 1866 1361 1899 den
1378 1866 1456 1899 Abl.
1476 1877 1501 1900 s.
1524 1869 1577 1908 33,

885 1915 917 1954 9,
937 1914 967 1947 3.
993 1931 1037 1936 —
1068 1913 1111 1944 ab
1143 1914 1321 1955 operibus]
1356 1922 1425 1944 von
1456 1912 1522 1945 den
1547 1938 1577 1946 ..

884 1958 956 1999 her,
971 1968 1031 1991 aus
1052 1957 1118 1990 den
1132 1983 1140 1991 .
1156 1983 1163 1991 .
1186 1958 1328 1996 heraus;
1357 1958 1445 1991 doch
1459 1958 1578 1991 wurde

886 2004 975 2037 ohne
1014 2005 1056 2036 ab
1089 2003 1149 2036 der
1183 2003 1347 2037 Gedanke
1387 2003 1578 2037 deutlicher

886 2060 971 2084 sein.

934 2097 985 2128 12.
1014 2098 1090 2126 Cum
1117 2096 1212 2136 vel-o]
1237 2090 1291 2128 ‘da
1317 2095 1503 2134 natfirlich,
1536 2094 1577 2127 da

884 2141 1009 2175 musste
1024 2167 1032 2175 .
1047 2136 1078 2177 .';
1114 2140 1183 2183 vgl.
1209 2143 1264 2183 25,
1284 2143 1314 2182 8,
1333 2142 1372 2175 9:
1401 2142 1455 2182 32,
1476 2142 1528 2182 12,
1549 2143 1577 2173 t.

883 2205 928 2211 --
954 2187 1106 2228 coegit]*

933 2235 984 2266 13.
1009 2235 1162 2275 pactus,
1195 2234 1256 2265 ut.
1273 2233 1293 2271 .]
1320 2241 1347 2265 S.
1374 2242 1415 2263 zu
1442 2233 1495 2271 25,
1522 2233 1578 2273 33,

884 2280 922 2316 3;
949 2278 1019 2321 vgl.
1045 2279 1101 2318 23,
1130 2280 1160 2310 7.
1185 2296 1230 2301 —-
1259 2277 1435 2309 tradidit*
1455 2302 1463 2309 .
1489 2301 1496 2309 .
1516 2288 1578 2309 m·-

883 2326 972 2364 hem]
998 2334 1024 2357 s.
1051 2322 1152 2356 Kuhn
1179 2324 1209 2363 2,
1229 2325 1283 2356 65.
1301 2324 1380 2356 485.
1407 2341 1451 2346 -
1474 2332 1579 2364 prae-

882 2370 969 2402 sidii
994 2370 1114 2409 causa]
1141 2368 1172 2401 d.
1193 2369 1225 2403 h.
1252 2378 1309 2401 um
1335 2368 1386 2400 als
1405 2367 1576 2401 Garnison

883 2427 926 2449 zu
952 2415 1088 2448 dienen.

933 2463 985 2494 14.
1010 2460 1170 2499 relictus]
1197 2459 1299 2492 naml.
1323 2470 1343 2491 α
1362 2457 1514 2491 Nabide.
1532 2478 1578 2482 —-

884 2525 929 2531 —
942 2507 1179 2547 Argivorum]
1199 2504 1293 2538 diese
1308 2504 1420 2538 sollen
1435 2504 1485 2538 als
1500 2504 1580 2538 Gei-

885 2552 960 2585 seln
987 2552 1121 2584 dienen.
