1795 2844
109 102 137 121 2,
159 94 226 122 Chr,
246 102 276 121 ῃ,
299 94 358 121 195,
616 82 742 116 LIBER
767 81 913 116 XXXIII.
965 81 1060 117 GAP.
1092 86 1146 118 36.
1520 82 1572 121 65

115 199 265 240 urbana
297 206 356 240 est
386 200 554 248 missus,
586 200 685 240 alios
710 214 730 238 εκ
758 213 794 247 *,
826 199 924 240 alios
954 200 1028 246 iam
1062 207 1324 253 congregatos
1354 201 1572 253 pugnando

116 258 231 307 vicit3
267 270 312 297 ex
333 257 395 297 his
416 257 528 297 multi
553 258 693 302 occisi,
724 256 838 296 multi
862 258 990 310 capti3
1023 258 1119 297 alios
1140 258 1367 298 verberatos
1390 258 1576 298 crucibus

114 315 263 362 adfixit,
282 315 350 367 qui
367 315 571 368 principes
588 314 877 354 coniurationis
892 315 1066 362 fuerant,
1084 315 1181 355 alios
1198 315 1370 355 dominis
1386 316 1571 357 restituit.

233 372 426 412 Consules
456 373 495 411 in
528 372 751 425 provincias
780 372 949 424 profecti
981 380 1086 411 sunt.
1136 373 1363 413 Marcellum
1387 373 1576 413 Boiorum

116 430 340 482 ingressum
364 431 454 469 finis
470 431 629 482 fatigato
651 442 724 483 per
745 429 848 469 diem
867 435 995 469 totum
1018 430 1142 469 milite
1163 430 1225 470 via
1248 431 1427 470 facienda
1450 438 1574 471 castra

115 488 156 527 in
178 487 332 528 tumulo
356 487 525 540 quodam
560 494 780 540 ponentem
803 486 1036 526 Corolamus
1059 488 1217 539 quidam
1232 519 1241 536 ,
1273 488 1436 540 regulus
1457 488 1575 528 Boio-

114 557 226 592 rum,
259 557 350 585 cum
370 557 512 596 magna
542 557 661 584 manu
684 545 847 584 adortus
875 545 922 584 ad
944 545 1017 584 tria
1041 545 1147 584 milia
1177 546 1385 585 hominum
1409 546 1574 595 occidit3

114 611 153 642 et
186 602 362 642 illustres
390 602 461 642 viri
493 602 644 654 aliquot
674 602 713 641 in
747 601 815 641 illo
845 602 1103 642 tumultuario
1134 603 1286 655 proelio
1326 604 1574 651 ceciderunt,

114 660 220 700 inter
250 672 350 712 quos
380 660 570 712 praefecti
601 660 756 699 socium
787 660 832 699 T.
856 660 1119 712 Sempronius
1142 660 1344 700 Gracchus
1377 669 1413 699 et
1436 661 1487 700 M.
1510 661 1575 700 Iu-

115 718 208 759 nius
229 717 389 757 Silanus
411 724 448 756 et
468 717 620 757 tribuni
651 718 821 757 militum
844 717 892 757 de
913 717 1071 769 legione
1104 718 1277 757 secunda
1300 718 1350 756 M.
1376 717 1575 770 Ogulnius

116 783 155 814 et
174 775 217 814 P.
241 774 440 815 Claudius.
483 781 610 815 castra
637 782 769 815 tamen
793 774 841 815 ab
864 774 1054 814 Romanis
1083 775 1240 828 inpigre
1263 777 1489 828 permunita
1511 789 1574 815 re-

116 838 318 885 tentaque,
341 844 432 872 cum
450 832 584 872 hostes
604 845 796 886 prospera
812 845 947 885 pugna
970 832 1059 872 elati
1083 833 1325 885 nequiquam
1347 845 1577 886 oppugnas-

116 896 220 929 sent.
268 890 417 930 stativis
446 890 588 929 deinde
618 890 756 930 iisdem
786 903 858 944 per
890 890 974 930 dies
1005 890 1155 942 aliquot
1184 903 1269 929 sese
1299 891 1452 938 tenuit,
1484 892 1577 930 dum

116 954 155 986 et
183 947 340 987 saucios
369 954 526 987 curaret
557 955 593 987 et
624 961 647 987 a
675 954 786 988 tanto
816 955 968 987 terrore
997 949 1151 987 animos
1179 947 1352 987 militum
1384 949 1575 988 reficeret.

116 1005 203 1054 Boi,
231 1011 275 1044 ut
297 1011 356 1045 est
376 1017 475 1057 gens
495 1005 659 1045 minime
681 1007 728 1046 ad
750 1018 884 1044 morae
905 1005 1079 1045 taedium
1102 1005 1309 1045 serendum
1332 1006 1504 1058 patiens,
1533 1006 1575 1046 in

118 1062 280 1102 castella
311 1075 380 1102 sua
402 1063 590 1116 vicosque
622 1063 769 1116 passim
790 1063 932 1115 dilapsi
962 1070 1069 1102 sunt.
1121 1063 1329 1103 Marcellus
1350 1063 1456 1103 Pado
1481 1076 1577 1103 con-

117 1119 247 1159 festim
269 1120 435 1160 traiecto
457 1120 499 1159 in
520 1133 660 1172 agrum
678 1120 928 1167 Comensem,
951 1121 1018 1160 ubi
1042 1121 1230 1160 Insubres
1247 1120 1508 1161 Comensibus
1530 1123 1576 1161 ad

118 1189 227 1216 arma
249 1178 386 1217 excitis
408 1184 533 1217 castra
556 1178 769 1227 habebant,
791 1178 970 1230 legiones
991 1179 1111 1217 ducit.
1150 1177 1264 1226 Galli,
1288 1179 1441 1218 feroces
1458 1179 1577 1218 Boio-

118 1247 208 1274 rum
229 1242 321 1274 ante
343 1235 427 1275 dies
448 1247 597 1288 paucos
619 1248 776 1289 pugna,
808 1236 849 1275 in
871 1236 959 1288 ipso
992 1236 1134 1275 itinere
1167 1235 1363 1288 proelium
1395 1237 1578 1276 commit-

119 1297 233 1341 tunt3
265 1299 303 1331 et
325 1293 453 1345 primo
483 1293 580 1332 adeo
603 1294 745 1333 acriter
771 1294 1019 1340 invaserunt,
1049 1301 1093 1333 ut
1114 1293 1396 1344 antesignanos
1418 1294 1576 1347 inpule-

119 1350 214 1389 rint.
267 1350 372 1402 quod
403 1350 471 1390 ubi
494 1350 703 1391 Marcellus
733 1351 1028 1398 animadvertit,
1060 1351 1230 1399 veritus,
1266 1363 1315 1390 ne
1337 1353 1433 1391 moti
1457 1351 1579 1391 semel

119 1406 386 1460 pellerentur,
415 1409 619 1448 cohortem
641 1408 860 1448 Marsorum
883 1421 973 1448 cum
996 1408 1269 1461 opposuisset,
1301 1409 1482 1461 equitum
1504 1409 1577 1449 La-

930 1488 961 1520 8.
988 1487 1036 1519 ad
1060 1512 1068 1520 .
1087 1511 1096 1519 .
1118 1488 1274 1529 patiens]
1300 1487 1373 1529 vgl.
1401 1489 1431 1529 9,
1460 1489 1512 1528 12,
1540 1490 1576 1522 S-

883 1535 1052 1566 incautus
1089 1533 1138 1565 ad
1175 1533 1410 1571 credendunz;
1442 1535 1496 1576 27,
1527 1536 1577 1573 15,

888 1581 945 1613 14:
980 1579 1164 1611 instabilis
1190 1579 1237 1611 ad
1262 1581 1460 1611 comminus
1495 1590 1577 1612 con-

882 1625 1053 1657 serendas
1078 1635 1222 1664 maman
1250 1625 1345 1658 Caes.
1368 1625 1438 1658 BG.
1465 1627 1497 1667 3,
1524 1628 1576 1664 19.

884 1672 920 1705 6:
946 1671 1066 1704 mollis
1091 1682 1133 1703 ac
1158 1673 1304 1703 minime
1337 1674 1508 1704 resistens
1532 1672 1581 1704 ad

165 1487 197 1519 3.
213 1485 305 1518 alios
317 1499 333 1515 ι
346 1487 379 1527 *]
394 1485 454 1520 das
464 1486 700 1530 ausgefallene
715 1487 812 1521 Satz-

118 1530 211 1574 glied
237 1531 367 1565 lautete
393 1537 484 1566 etwa
509 1533 603 1566 alios
615 1544 685 1576 per
703 1544 813 1576 agros

112 1576 261 1621 palatos
286 1581 480 1621 oppressit;
507 1578 564 1612 die
599 1579 723 1613 beiden
748 1579 813 1613 fol-

119 1622 255 1667 genden
281 1622 494 1668 Satzglieder
519 1625 612 1658 alios
626 1650 634 1658 .
656 1651 663 1657 .
679 1625 814 1666 adfioez't

119 1668 189 1703 und
209 1669 302 1702 alios
327 1695 336 1703 .
361 1695 369 1703 .
394 1672 558 1703 restituit
583 1672 811 1714 entsprechen

120 1714 215 1748 nicht
234 1714 312 1749 dem
336 1716 644 1759 vorhergehenden
669 1718 761 1751 alios
781 1743 789 1750 .
804 1744 811 1752 .

119 1763 221 1804 vicit,
247 1761 397 1795 sondern
410 1762 528 1796 bilden
543 1763 619 1796 eine
645 1762 813 1796 Unterab-

120 1806 275 1850 teilung,
305 1807 347 1840 da
381 1811 481 1841 unter
516 1808 641 1842 beiden
667 1809 733 1841 alii
757 1809 812 1843 die

122 1854 222 1896 capti
245 1863 288 1886 zu
311 1853 496 1887 verstehen
514 1854 600 1888 sind.
626 1874 672 1877 —
697 1857 814 1888 cruci-

121 1898 199 1941 bus]
221 1909 249 1932 s.
276 1899 309 1942 2,
336 1901 389 1941 36,
418 1903 447 1935 1.

167 1947 199 1978 4.
224 1946 445 1987 provincias]
478 1956 506 1981 s.
532 1947 586 1986 25,
616 1949 667 1980 10.
687 1957 814 1989 —per

121 1990 215 2022 diem
230 1993 356 2032 totum]
374 1991 597 2034 gewohnlich
612 1992 816 2026 marschier-

122 2041 181 2069 ten
208 2035 264 2070 die
290 2036 455 2071 Soldaten
482 2049 545 2071 nur
570 2041 588 2071 5
617 2037 815 2081 (Sommer-)

121 2081 362 2125 Tagstundem
398 2094 425 2117 5.
460 2085 517 2125 34,
554 2087 606 2126 15,
633 2087 664 2118 3.
696 2103 742 2109 —
774 2086 814 2117 in

122 2127 297 2169 tumulo]*

169 2176 201 2207 5.
234 2173 394 2208 illustres
434 2177 518 2216 viri]
553 2185 580 2208 s.
615 2177 669 2218 25,
702 2178 734 2210 9.
768 2195 814 2200 -

118 2219 305 2261 praefecti
327 2222 476 2262 socium]
511 2221 585 2255 dies
611 2221 688 2255 sind
713 2222 815 2255 meist

121 2265 309 2299 vornehme
334 2266 476 2306 R6mer;
504 2277 530 2301 s.
553 2269 607 2309 23,
658 2270 730 2312 ‚;3
757 2269 813 2309 25,

124 2313 154 2351 1,
181 2312 259 2345 3u.
283 2322 316 2345 a.
340 2280 654 2356 -ἀεηῖεξὶοηε,
671 2316 745 2355 .]s.
770 2324 813 2347 zu

123 2356 180 2397 27,
206 2358 342 2399 38,11.

169 2382 201 2435 6.
229 2406 454 2446 permunita]
486 2415 512 2439 s.
549 2407 605 2447 31,
631 2407 685 2446 39,
712 2407 743 2440 8.
769 2425 813 2429 -

123 2457 238 2536 οιιῖι.
252 2450 276 2490 .]
301 2450 557 2493 nachtragliche
577 2431 812 2495 B'emerkunffi

122 2502 169 2524 v‘5
220 2495 252 2535 3,
278 2497 310 2537 5,
335 2497 367 2529 8.

147 2517 201 2573 1³7.
225 2539 393 2580 reficeret
424 2542 509 2575 ubei
543 2542 598 2576 die
624 2541 760 2576 Konstr.
787 2553 813 2577 s.

122 2594 167 2617 zu
191 2587 248 2627 44,
276 2587 329 2627 10,
358 2588 388 2620 1.

194 2641 227 2668 T.
240 2639 302 2668 Liv.
315 2642 364 2670 Vll
379 2643 404 2669 2.
427 2643 452 2670 3.
469 2643 542 2672 Auss.

884 1718 1109 1749 calamitates
1128 1716 1365 1759 perferendas
1388 1728 1486 1750 mens
1500 1728 1531 1750 u.
1548 1729 1577 1751 a.

882 1782 927 1787 —
954 1763 1121 1795 castella.
1141 1765 1162 1803 .]
1189 1774 1215 1796 s.
1242 1765 1296 1799 22.
1322 1766 1354 1796 4.

929 1810 960 1841 9.
991 1807 1234 1852 Comensibus]
1249 1812 1410 1851 getrennt
1424 1820 1493 1842 von
1512 1809 1578 1842 deu

882 1854 1078 1895 Insubrern‚
1103 1854 1210 1887 durch
1237 1854 1340 1887 deren
1367 1853 1490 1888 Gebiet
1516 1855 1576 1889 das

882 1900 970 1933 Heer
983 1899 1079 1933 hatte
1091 1899 1211 1933 ziehen
1228 1903 1385 1939 mussen3
1404 1901 1473 1943 vgl.
1488 1900 1576 1935 Plin.

885 1948 916 1986 3,
945 1947 1027 1979 124:
1057 1946 1357 1978 Orumbovz'oram
1382 1947 1472 1987 (eine
1496 1946 1579 1980 vol-

884 1991 1061 2025 kerschast
1074 1992 1249 2025 zwischen
1271 1992 1348 2025 dem
1361 1991 1495 2026 Larius—
1508 1993 1579 2026 und

884 2036 1131 2079 Sebinus-See)
1164 2040 1291 2081 stirpis
1326 2049 1399 2070 esse
1432 2038 1579 2072 Comum

884 2087 992 2126 atque
1005 2084 1231 2126 Bergamam
1242 2109 1250 2117 .
1260 2109 1267 2116 .
1278 2087 1407 2117 auctor
1418 2088 1470 2117 est
1479 2084 1578 2127 Cato,

882 2130 946 2162 secl
978 2132 1159 2172 originem
1189 2132 1312 2172 gcmtz's
1345 2133 1518 2173 ignorare
1541 2143 1578 2163 se

881 2175 1034 2215 fatetur.
1049 2196 1092 2200 —
1109 2176 1214 2217 Gallz]
1235 2175 1289 2209 die
1314 2176 1401 2209 eben
1427 2187 1578 2219 genaun-

884 2226 960 2259 ten;
986 2222 1057 2264 vgl.
1084 2224 1139 2263 32,
1166 2224 1221 2264 30,
1249 2224 1303 2256 13.
1328 2241 1371 2246 -
1397 2225 1479 2254 ante
1502 2223 1578 2255 dies

877 2268 1031 2311 paucos]
1046 2267 1201 2301 Attribut
1214 2279 1256 2301 zu
1268 2278 1410 2310 pugna.
1423 2286 1468 2292 -—
1485 2279 1579 2300 com·

881 2315 1053 2347 mittunt.
1072 2339 1081 2347 .
1095 2315 1321 2354 invaserunt]
1341 2324 1366 2346 s.
1388 2316 1440 2355 15,
1461 2315 1514 2347 12.
1532 2332 1578 2338 —

884 2361 1154 2438 antesignanos]
1181 2359 1254 2392 hier
1271 2358 1330 2392 der
1355 2358 1522 2398 Vortrab;
1549 2370 1577 2393 s.

934 2453 986 2484 10.
1011 2450 1130 2491 semel]
1156 2461 1182 2483 5.
1209 2454 1240 2491 5,
1266 2452 1321 2491 20,
1348 2453 1378 2484 5.
1404 2469 1448 2474 -—
1468 2450 1578 2492 pelle-

884 2508 904 2529 7
907 2499 1023 2537 entur]
1035 2496 1170 2529 starker
1180 2496 1230 2529 als
1241 2497 1424 2537 zmpellere
1442 2496 1478 2540 (ξ
1487 2498 1522 2549 9)
1533 2513 1577 2526 =

883 2541 1123 2575 ‘insWanken
1141 2539 1301 2584 bringen’
1330 2542 1375 2575 ist
1396 2537 1503 2585 pelli‘
1508 2553 1576 2575 von

884 2588 975 2621 ihrer
1013 2587 1120 2621 Stelle
1157 2588 1456 2631 zursiekgedr'angt
1490 2598 1576 2622 wer-

1348 2637 1366 2668 5

1610 1359 1646 1391 10
