1747 2828
218 111 298 151 178
682 111 809 146 LIBER
832 111 964 146 xxxll.
1013 111 1107 148 CAP.
1130 115 1185 147 40.

1461 131 1487 151 a.
1508 131 1537 150 u.
1557 131 1582 151 c·
1599 124 1660 152 557.

147 233 198 267 40
216 237 291 268 tur.
334 228 381 267 de
404 228 517 279 Argis
540 241 699 279 quoque
721 227 952 280 disceptatio
974 228 1021 267 ab
1044 228 1171 268 Attalo
1203 240 1296 280 rege
1325 233 1384 267 est
1412 235 1537 276 mota,
1570 241 1660 267 cum

164 351 182 381 2

215 285 353 325 fraude
376 285 560 324 Philoclis
582 285 780 336 proditam
812 284 951 325 urbem
983 285 1018 324 vi
1050 285 1097 324 ab
1129 298 1175 324 eo
1205 284 1333 324 teneri
1363 292 1566 337 argueret,
1597 285 1661 324 ille

213 343 261 382 ab
284 342 378 394 ipsis
400 342 552 392 Argivis
582 355 623 381 se
655 342 883 382 defenderet
914 343 1095 382 accitum.
1147 342 1376 381 contionem
1405 355 1475 381 rex
1496 342 1660 393 Argivo·

215 412 303 439 rum
324 399 568 450 postulabat,
602 406 643 438 ut
665 399 703 438 id
733 400 825 439 sciri
854 405 1005 451 posset3
1038 412 1111 438 nec
1142 406 1335 451 tyrannus
1365 399 1562 448 abnuere;
1591 399 1662 438 sed

214 456 393 496 deductis
414 469 460 495 ex
483 456 580 495 urbe
604 457 806 507 praesidiis
828 456 991 496 liberam
1021 456 1249 495 contionem
1272 469 1352 495 non
1377 456 1564 495 immixtis
1586 456 1661 495 La-

213 513 480 553 cedaemoniis
501 513 805 562 declaraturam,
837 513 930 565 quid
952 514 1083 564 Argivi
1106 513 1271 561 vellent,
1303 513 1486 565 praeberi
1516 513 1660 552 debere

213 570 369 610 dicebat
391 583 480 619 rex;
505 578 698 623 tyrannus
713 571 869 622 negavit
886 570 1162 610 deducturum.
1204 571 1302 610 haec
1317 570 1552 621 disceptatio
1574 570 1660 609 sine

212 628 318 667 exitu
349 628 433 666 suit.
476 628 523 667 de
556 628 755 679 colloquio
784 628 1001 667 discessum
1032 628 1222 667 sescentis
1245 627 1502 667 Cretensibus
1530 626 1578 666 ab
1601 634 1661 679 ty-

210 698 339 724 ranno
369 685 467 724 datis
489 685 669 724 Romano
701 685 942 736 indutiisque
973 685 1079 724 inter
1109 685 1396 732 Nicostratum,
1435 691 1661 736 praetorem

212 743 477 787 Achaeorum,
509 749 543 781 et
568 742 970 782 Lacedaemoniorum
993 750 1207 794 tyrannum
1231 742 1271 781 in
1296 748 1484 794 quattuor
1504 753 1661 781 menses

211 800 334 839 sactis.

324 856 421 895 lnde
443 856 655 902 Quinctius
678 856 912 896 Corinthum
943 864 1001 896 est
1024 858 1227 906 profectus
1261 862 1300 894 et
1320 855 1366 894 ad
1390 862 1546 907 portam
1568 867 1658 894 cum

212 914 461 953 Cretensium
484 913 648 952 cohorte
670 914 852 960 accessit,
886 920 929 952 ut
950 913 1115 952 Philocli
1136 913 1336 964 praesecto
1361 912 1471 952 urbis
1492 924 1659 964 appare-

208 978 269 1010 ret
289 980 504 1022 tyrannum
526 984 547 1009 a
569 970 750 1022 Philippo
780 970 963 1009 descisse.
1014 970 1210 1009 Philocles
1238 976 1277 1008 et
1297 969 1381 1021 ipse
1410 970 1457 1008 ad
1487 969 1659 1021 impera-

211 1036 337 1067 torem
358 1028 582 1066 Romanum
604 1027 644 1066 in
669 1027 910 1078 colloquium
939 1027 1045 1065 venit
1076 1026 1354 1077 hortantique,
1387 1032 1430 1065 ut
1461 1025 1658 1078 extemplo

210 1085 392 1124 transiret
432 1084 650 1135 urbemque
689 1085 879 1131 traderet,
916 1084 968 1123 ita
1002 1083 1227 1135 respondit,
1265 1090 1309 1122 ut
1343 1082 1540 1123 distulisse
1575 1095 1660 1122 rem

208 1143 330 1192 magis
351 1154 469 1193 quam
499 1154 663 1192 negasse
686 1141 897 1179 videretur.
940 1154 960 1179 a
983 1140 1172 1180 Corintho
1196 1139 1408 1186 Quinctius
1429 1140 1660 1192 Anticyram

211 1199 382 1247 traieci13
405 1199 495 1237 inde
518 1200 679 1237 fratrem
701 1199 748 1237 ad
771 1198 1040 1250 temptandam
1061 1200 1316 1236 Acarnanum
1337 1204 1498 1249 gentem
1518 1197 1636 1245 misit.

321 1256 472 1295 Attalus
497 1255 545 1294 ab
565 1255 678 1307 Argis
696 1256 905 1307 Sicyonem
931 1262 989 1295 est
1007 1256 1221 1306 profectus.
1264 1255 1317 1294 ibi
1334 1260 1373 1293 et
1389 1253 1525 1294 civitas
1547 1255 1659 1295 novis

209 1312 430 1352 honoribus
452 1319 604 1352 veteres
627 1312 731 1364 regis
753 1313 928 1352 honores
945 1312 1064 1360 auxit,
1087 1318 1125 1351 et
1140 1324 1208 1350 rcx
1230 1311 1278 1350 ad
1300 1311 1351 1360 id,
1374 1311 1479 1362 quod
1500 1324 1659 1352 sacrum

970 1435 1029 1467 srei
1045 1434 1111 1468 und
1122 1436 1173 1468 als
1183 1435 1301 1469 solche
1312 1435 1401 1469 ohne
1412 1434 1658 1478 Einmischung

253 1436 316 1471 40.
353 1439 380 1469 1.
414 1439 564 1478 quoque]
599 1437 690 1469 steht
720 1436 808 1469 ohne
835 1435 898 1469 Be-

968 1480 1027 1513 der
1037 1480 1300 1514 Lacediimonier
1309 1481 1482 1523 jmstande
1496 1481 1569 1514 sein
1583 1481 1656 1514 sich

206 1483 354 1524 ziehung
379 1481 438 1514 auf
462 1484 505 1514 ab
531 1482 670 1519 Αιιαίος
701 1482 789 1514 auch
816 1482 898 1514 iiber

208 1531 318 1570 Argos
343 1527 566 1560 verhandelte
592 1538 689 1568 man,
720 1528 787 1560 wie
815 1527 897 1560 tiber

208 1574 273 1606 den
289 1572 428 1606 Frieden
445 1573 646 1606 verliandelt
661 1573 801 1605 worden
815 1583 895 1605 war.

207 1639 250 1643 —
276 1621 385 1659 mota]
412 1629 438 1651 s.
466 1620 519 1659 28,
549 1621 600 1659 11,
627 1621 683 1651 lo:
710 1621 899 1650 moverant

208 1668 420 1702 ..montaum
447 1666 500 1705 35,
526 1666 582 1705 42,
607 1667 645 1697 4:
681 1664 894 1696 consultatio

207 1714 301 1743 mota
329 1719 366 1743 u.·
379 1720 408 1742 a.
425 1728 466 1732 —
488 1712 530 1742 ab
550 1712 601 1750 eo]
620 1710 696 1742 dat's
714 1709 819 1742 Nabis
837 1720 896 1752 ge-

207 1757 312 1789 meint
331 1756 390 1795 sei,
410 1755 498 1788 lehrt
516 1755 574 1788 der
587 1755 894 1797 Zusammenhang.

205 1821 250 1825 —
275 1800 492 1841 defenderet]
510 1817 554 1828 =
573 1797 625 1834 ‘zu
645 1802 757 1834 seiner
775 1800 899 1834 Recht-

208 1847 379 1890 sertigung
389 1843 569 1885 ausuhrte'3
581 1846 650 1889 vgl.
662 1849 716 1887 21,
732 1848 782 1886 18,
794 1848 812 1880 2
825 1860 830 1879 :
841 1847 898 1879 de-

204 1893 393 1932 fenderent
415 1893 559 1934 publico
581 1893 728 1924 consilio
747 1892 897 1931 factmn.

206 1958 250 1962 —
270 1938 329 1971 Die
347 1938 524 1971 einzelnen
544 1938 645 1971 Siitze
663 1942 745 1978 (erst
762 1937 898 1971 Neben-

206 1986 312 2024 satze,
338 1983 427 2016 daun
454 1983 676 2026 Hauptsatze)
708 1983 783 2015 sind
810 1984 895 2016 nach

205 2032 267 2062 Art
281 2030 374 2062 einer
387 2030 575 2062 Altercatio
595 2029 756 2062 einander
771 2039 896 2071 gegen-

206 2074 431 2117 iibergestellt
443 2075 509 2107 und
527 2075 616 2108 ohne
631 2075 894 2117 grammatische

204 2119 438 2161 Verbindung.

251 2167 280 2199 2.
297 2167 511 2205 contionem]
526 2165 602 2197 eine
617 2163 890 2207 Versammlung,

204 2212 258 2244 die
273 2211 367 2244 nicht
379 2210 502 2253 gerade
513 2211 727 2249 abstimmen,
743 2209 891 2243 sondern

204 2267 265 2290 nur
291 2257 367 2289 eine
392 2255 650 2289 Manifestation
675 2255 786 2298 geben
812 2256 889 2290 soll.

203 2322 246 2327 —
260 2303 488 2344 seiriposset]
503 2312 528 2335 s.
540 2312 580 2334 zu
595 2303 649 2341 35,
660 2303 691 2335 4.
703 2320 747 2325 —
764 2301 892 2333 deduc-

204 2351 249 2380 tis
263 2373 270 2381 .
287 2348 511 2390 .praesidiis]
538 2358 564 2380 s.
583 2348 637 2387 34,
656 2348 709 2387 32,
733 2349 791 2385 10;
819 2346 891 2380 dies

202 2394 247 2427 ist
272 2393 333 2426 das
350 2392 460 2426 Mittel
478 2404 520 2426 zu
543 2393 693 2425 liberam
713 2394 891 2434 praeberi,

205 2439 271 2471 und
296 2439 445 2471 libet-am
471 2438 557 2471 wird
583 2438 688 2471 naher
716 2437 892 2471 bestimmt

204 2484 310 2517 durch
344 2495 416 2516 non
448 2486 624 2516 immiaeus
656 2483 892 2516 Lacedaemo-

202 2531 289 2566 niis;
322 2547 366 2558 =
397 2540 459 2562 nur
492 2530 578 2562 nach
602 2529 808 2571 Abffihrung
833 2529 892 2562 der

203 2573 398 2618 Besatzung
417 2575 533 2608 warde
556 2575 610 2608 die
628 2574 892 2618 Versammlung

969 1536 1055 1559 ..zu
1085 1526 1252 1559 erklaren.
1302 1526 1470 1568 Ubi-igens
1502 1525 1578 1559 sind
1603 1526 1658 1560 die

964 1572 1149 1613 praesidia
1185 1572 1251 1605 und
1289 1571 1343 1605 die
1380 1572 1658 1604 Lacedaemonia·

967 1616 1143 1650 dieselben
1177 1617 1350 1651 Pei-sonen
1387 1617 1455 1650 und
1481 1617 1540 1650 der
1570 1618 1658 1651 Aus—

967 1662 1074 1695 druck
1099 1668 1208 1696 etwas
1227 1663 1466 1696 umstandlieh.
1484 1682 1529 1686 —
1546 1663 1655 1696 Lace-

966 1709 1178 1751 daemoniis]
1191 1708 1354 1742 Soldaten
1370 1708 1478 1748 (wohl
1493 1707 1655 1748 Sbldnem

966 1764 992 1786 s.
1009 1756 1063 1793 34,
1078 1756 1133 1796 27,
1147 1758 1180 1796 5)
1199 1764 1259 1787 aus
1277 1754 1500 1795 Laced'amon,
1523 1754 1658 1788 welche

966 1799 1021 1832 die
1046 1799 1176 1842 Burger
1200 1800 1441 1834 fiberwachen.

1014 1848 1045 1879 3.
1070 1847 1146 1878 sine
1172 1848 1286 1886 emita]
1305 1846 1373 1889 vgl.
1392 1847 1447 1888 33,
1463 1847 1519 1888 41,
1539 1847 1573 1884 1;
1601 1847 1655 1888 37,

972 1893 1023 1932 19,
1053 1893 1086 1926 1:
1114 1892 1208 1925 Caes.
1235 1891 1302 1925 BG.
1329 1896 1360 1933 δ,
1379 1893 1434 1932 44,
1456 1893 1491 1924 1:
1517 1893 1654 1924 emitum

969 1938 1204 1970 consiliorum
1222 1947 1387 1976 suot-mm
1406 1952 1451 1964 =
1470 1935 1574 1970 ‘ohne
1590 1935 1658 1970 Re-

969 1980 1103 2021 sultat’;
1123 1982 1182 2015 der
1196 1982 1311 2015 Besitz
1325 1982 1442 2015 wurde
1456 1982 1525 2015 ihm
1541 1981 1657 2016 weder

965 2038 1023 2060 zu·
1049 2028 1138 2061 noch
1163 2028 1432 2070 abgesprochen.

1010 2076 1042 2106 4.
1069 2075 1107 2105 in
1126 2076 1300 2115 quattuor
1316 2074 1462 2113 menses]
1488 2073 1521 2105 in
1543 2073 1659 2106 dieser

963 2117 1038 2150 Zeit
1055 2118 1195 2160 glaubte
1213 2129 1290 2152 man
1306 2119 1379 2152 also
1395 2118 1459 2152 den
1475 2117 1579 2161 Krieg
1591 2119 1654 2151 mit

962 2162 1100 2206 Philipp
1126 2164 1318 2207 beendigen
1343 2175 1385 2197 zu
1411 2163 1560 2198 konnen.

1009 2211 1038 2243 6.
1066 2210 1254 2253 transiret]
1281 2210 1383 2243 naml.
1413 2210 1463 2243 ad
1484 2220 1537 2253 se,
1571 2209 1657 2243 oder

961 2254 1101 2287 absolut
1127 2255 1192 2289 wie
1218 2256 1262 2288 im
1290 2255 1494 2289 Deutschen.

1008 2302 1039 2333 ἵ.
1056 2302 1304 2343 Acarnanum]
1323 2311 1350 2336 S.
1365 2303 1419 2341 33,
1439 2302 1488 2342 16,
1505 2302 1534 2335 2.
1548 2319 1590 2325 —
1607 2303 1652 2333 ab

960 2346 1084 2387 Argis]
1111 2357 1172 2380 aus
1193 2347 1253 2380 der
1270 2346 1410 2389 Gegend
1427 2347 1461 2379 in
1479 2346 1538 2379 der
1555 2345 1653 2379 Nahe

961 2391 1020 2424 der
1039 2390 1150 2433 Stadt,
1176 2393 1243 2426 wie
1262 2394 1282 2435 ς·
1297 2395 1336 2425 5:
1365 2391 1588 2425 Corinthum.
1605 2410 1651 2416 —

961 2436 1165 2480 Sicyonem]
1191 2438 1261 2481 vgl.
1287 2437 1361 2472 Pol.
1394 2439 1442 2480 18,
1472 2440 1524 2472 16.

1007 2484 1038 2516 8.
1073 2485 1232 2537 veteres]
1253 2483 1322 2526 vgl.
1356 2482 1541 2536 Polybius:
1579 2477 1650 2518 τὸν

959 2524 1152 2563 κολοττὸν
1185 2524 1305 2564 αὐτοῦ
1336 2524 1407 2564 τὸν
1430 2524 1651 2581 δεκάπηχυν

960 2569 1124 2620 ἔστησαν
1142 2570 1247 2622 παρὰ
1266 2571 1337 2610 τὸν
1348 2568 1565 2610 Ἀπόλλωνα
1579 2572 1651 2610 τὸν
