1795 2844
62 68 65 70 ’
126 76 155 95 ⁸.
175 68 241 96 Chr.
262 76 292 96 ιι.
309 68 369 95 200.

571 56 697 91 LIBER
721 56 839 92 xxxl.
887 57 982 92 CAP.
1008 60 1061 94 36.
1088 61 1142 94 37.
1523 58 1574 98 71

129 176 264 228 plures
279 175 327 215 ab
350 174 627 215 obsidentibus
642 174 722 214 vias
739 187 856 226 quam
874 174 920 214 ab
940 175 1093 216 emissis
1110 176 1157 215 ad
1180 176 1339 216 caedem
1361 177 1577 219 interficie-

130 233 289 273 bantur.
341 233 501 272 tandem
532 232 636 271 inter
666 231 814 272 medias
845 232 1016 272 hostium
1048 234 1238 274 stationes
1267 234 1388 286 elapsi
1418 236 1575 287 quidam

127 290 273 343 trepidi
294 290 507 329 tumultum
523 289 648 341 magis
666 301 782 341 quam
803 294 956 328 certum
979 291 1163 330 nuntium
1185 291 1408 332 intulerunt
1424 294 1575 334 castris.

129 347 268 388 consul
292 347 493 399 equitibus
513 346 650 394 iussis,
675 358 752 398 qua
774 346 940 398 quisque
963 354 1110 398 posset,
1134 361 1250 400 opem
1268 349 1372 389 ferre
1388 350 1573 391 laboran-
1599 353 1644 390 37

128 405 236 445 tibus
256 404 340 456 ipse
362 404 537 455 legiones
554 417 574 444 e
596 403 734 444 castris
756 403 888 443 educit
914 409 951 443 et
972 405 1128 456 agmine
1151 406 1339 456 quadrato
1356 408 1403 447 ad
1420 408 1576 448 hostem

128 462 250 502 ducit.
291 461 458 514 dispersi
480 462 634 513 equites
650 473 722 513 per
743 473 858 513 agros
880 460 1037 512 quidam
1061 461 1299 503 aberrarunt
1321 464 1475 517 decepti
1493 466 1573 506 cla·
1606 472 1625 505 2

127 518 307 559 moribus
336 519 420 559 aliis
442 531 490 558 ex
518 518 594 558 alio
625 517 887 558 existentibus
915 518 1027 566 1000,
1058 531 1149 570 pars
1179 520 1316 561 obvios
1348 522 1575 563 habuerunt

128 576 263 616 hostis.
305 576 488 629 pluribus
508 576 605 615 locis
633 575 750 615 simul
770 588 905 628 pugna
927 575 1070 628 coepit.
1111 577 1219 628 regia
1241 578 1355 618 statio
1377 580 1576 621 atrocissi-
1606 587 1626 619 3

127 645 236 673 mum
266 633 462 686 proelium
493 633 654 681 edebat;
685 645 778 672 nam
799 639 837 672 et
859 633 942 686 ipsa
971 633 1224 673 multitudine
1256 636 1432 686 equitum
1463 638 1574 689 pedi-

127 696 293 742 tumque
313 703 440 743 prope
460 690 560 730 iusta
582 690 686 730 acies
708 697 802 739 erat,
826 696 864 730 et
888 690 1173 739 Romanorum,
1197 691 1288 743 quia
1308 693 1480 734 medium
1503 695 1575 734 ob-

122 747 282 788 sederat
303 747 391 795 iter,
412 747 574 800 plurimi
595 748 634 787 in
658 760 743 787 eam
765 747 1055 787 inserebantur.
1098 760 1144 787 eo
1167 761 1327 800 quoque
1349 752 1576 802 superiores
1607 759 1626 792 4

127 805 364 845 Macedones
384 810 510 853 erant,
533 806 639 857 quod
656 811 693 844 et
710 818 779 844 rex
795 805 879 857 ipse
901 806 1081 845 hortator
1101 805 1247 854 aderat,
1271 812 1309 846 et
1325 807 1575 848 Cretensium

124 862 335 902 auxiliares
355 862 503 902 multos
524 875 571 902 ex
597 863 811 914 improviso
839 862 1121 910 vulnerabant,
1144 864 1314 903 conserti
1331 866 1573 917 praeparati-

125 932 205 971 que
226 919 267 959 in
289 920 490 972 dispersos
511 925 549 959 et
571 920 718 960 effusos
747 925 985 973 pugnantes.
1028 921 1134 972 quod
1153 920 1184 960 si
1213 920 1372 961 modum
1396 922 1435 962 in
1467 923 1575 963 inse·
1605 931 1624 963 5

126 977 287 1028 quendo
308 976 561 1025 habuissent,
590 991 673 1017 non
696 977 737 1017 in
759 977 982 1030 praesentis
1005 978 1121 1017 modo
1144 978 1371 1019 certaminis
1392 980 1571 1031 gloriam,

123 1034 193 1074 sed
215 1033 257 1073 in
279 1038 472 1074 summam
495 1034 612 1074 etiam
632 1035 724 1074 belli
747 1036 969 1087 profectum
993 1036 1117 1084 soret;
1149 1048 1258 1075 nunc
1280 1036 1461 1077 aviditate
1484 1050 1572 1078 cae·
1603 1050 1622 1083 6

125 1090 185 1131 dis
212 1091 546 1143 intemperantius
576 1092 701 1132 secuti
726 1092 767 1131 in
797 1105 1051 1144 praegressas
1080 1105 1171 1132 cum
1202 1093 1376 1134 tribunis
1403 1095 1572 1135 militum

123 1148 310 1188 cohortes
325 1149 525 1189 Romanas
544 1149 734 1197 incidere,
757 1155 795 1188 et
815 1150 972 1201 fugiens
989 1163 1123 1201 eques,
1145 1156 1189 1189 ut
1210 1150 1337 1201 prima
1353 1151 1465 1203 signa
1481 1165 1575 1192 suo·
1606 1160 1624 1192 7

124 1217 213 1245 rum
234 1205 340 1253 vidit,
363 1206 559 1246 convertit
573 1206 613 1245 in
638 1207 805 1246 effusum
827 1207 978 1246 hostem
1002 1219 1139 1258 equos,
1160 1219 1350 1259 versaque
1370 1214 1575 1250 momento

124 1263 318 1315 temporis
333 1263 394 1302 f01
398 1268 492 1303 tuna
509 1275 666 1316 pugnae
680 1270 737 1303 est
749 1270 859 1315 terga
877 1264 1073 1312 dantibus,
1092 1264 1161 1316 qui
1177 1265 1293 1303 modo
1306 1264 1432 1305 secuti
1448 1272 1574 1306 erant.

125 1351 194 1374 von
227 1343 311 1384 quia
345 1341 534 1384 abhfingig,
565 1341 698 1375 enthalt
731 1342 813 1375 aber

124 1385 250 1420 keinen
282 1396 394 1420 neuen
419 1386 554 1429 G1und,
585 1387 732 1420 sondern
767 1388 812 1420 ist

123 1442 188 1465 nur
217 1432 343 1466 nabere
373 1432 612 1476 Bestimmung
643 1433 703 1466 des
735 1443 813 1466 vor·

125 1478 384 1531 hergehenden;
415 1495 461 1508 =
490 1474 572 1512 und
605 1488 643 1511 so
670 1504 678 1512 .
705 1504 713 1512 .
765 1498 811 1503 —

123 1525 230 1565 inter]
253 1520 471 1558 ‘zwischen.
495 1521 661 1564 .';d·u1ch
702 1535 727 1559 s.
754 1526 809 1567 24,

124 1571 179 1611 41,
205 1571 244 1609 9;
269 1571 324 1611 32,
349 1572 381 1612 4,
407 1572 437 1604 2.

169 1614 284 1650 321.
312 1617 394 1658 qua]
421 1616 483 1649 aus
506 1615 672 1649 welchem
691 1615 809 1658 Wege,

120 1657 208 1694 w'o
220 1674 228 1700 ;
260 1660 292 1695 d.
319 1661 352 1694 h.
387 1661 476 1695 ohne
509 1662 704 1695 bestimmte
737 1662 810 1695 Lei-

123 1710 226 1750 tung;
253 1706 322 1749 vgl.
348 1708 402 1750 32,
433 1709 483 1749 17,
508 1710 538 1741 4.
568 1727 613 1732 -
644 1708 811 1740 labor-an

122 1754 230 1793 libus]
263 1752 366 1786 naml.
399 1752 734 1792 frumentatoribus.
766 1772 811 1778 —

125 1800 270 1840 agmine
287 1798 479 1841 quadrato]
504 1795 551 1831 ‘in
569 1797 811 1832 Schlachtord-

125 1841 247 1887 nung',
271 1843 355 1877 oder
371 1844 538 1877 vielmehr
555 1854 604 1885 so,
627 1843 701 1877 dass
717 1844 810 1878 diese

124 1888 280 1932 sogleich
310 1889 463 1932 gebildet
493 1889 563 1923 und
595 1890 683 1923 nach
711 1890 810 1932 jeder

124 1933 219 1969 Seite
244 1934 412 1978 gerichtet
444 1935 584 1969 werden
608 1935 756 1975 konnte;
784 1946 810 1970 s.

123 1982 178 2022 21,
206 1983 236 2022 5,
264 1982 317 2015 16.

170 2029 201 2060 2.
228 2027 374 2069 quidam
389 2052 396 2059 .
412 2053 419 2060 .
429 2029 531 2069 pars]
554 2027 811 2070 nachtriigliche

123 2072 322 2115 Einteilung
335 2082 402 2105 von
413 2073 567 2115 dispersi
575 2075 725 2116 equites,
741 2073 809 2116 vgl.

124 2120 179 2160 26,
205 2119 260 2160 33,
285 2121 322 2156 8;
349 2119 404 2159 28,
431 2119 462 2160 3,
481 2120 518 2156 73
546 2120 600 2161 29,
619 2121 727 2161 3,14;
755 2120 810 2160 37,

124 2165 180 2203 20,
199 2166 237 2202 5;
267 2162 340 2196 dass
365 2164 452 2197 auch
479 2163 532 2197 die
557 2165 619 2197 mit
637 2175 728 2207 pars
744 2164 808 2198 Be-

123 2209 324 2242 zeichneten
348 2209 443 2243 nicht
469 2209 535 2243 alle
558 2210 715 2253 zugleich
741 2210 809 2244 und

122 2265 167 2288 an
185 2255 296 2288 einem
311 2254 391 2288 Orte
409 2255 604 2298 anlangten,
622 2256 713 2299 zeigt
727 2256 809 2299 plu-

121 2302 223 2333 ribus
247 2301 334 2334 locis
363 2300 432 2334 und
457 2300 478 2345 ξ
504 2302 540 2335 3:
568 2302 732 2344 plurimi.
763 2320 810 2326 -

122 2348 354 2387 aberrarunt]
381 2346 448 2389 vgl.
474 2357 515 2380 zu
541 2349 596 2389 41,
623 2349 675 2389 13,
702 2350 732 2381 2.

169 2393 200 2426 3.
209 2394 336 2435 prope]
353 2392 432 2426 weil
446 2391 500 2426 die
511 2392 688 2426 schweren
698 2392 808 2437 Trup-

122 2447 190 2479 pen
216 2437 363 2478 fehlten·
389 2448 416 2474 s.
442 2440 474 2481 6,
493 2440 546 2480 31,
565 2440 603 2479 6,
630 2440 684 2480 24,
705 2441 758 2482 14,
775 2441 808 2473 4.

168 2530 201 2562 4.
225 2529 401 2570 hortator]
426 2539 452 2564 s
471 2530 525 2571 26,
542 2531 598 2573 44,
617 2532 648 2564 7.
667 2548 710 2555 -
728 2541 809 2563 con-

883 1341 969 1380 ferti
990 1344 1285 1385 praeparatique]
1310 1343 1431 1385 gehort
1450 1354 1493 1377 zu
1504 1355 1575 1386 pu-

879 1390 1036 1429 gnantes
1065 1391 1105 1428 (s.
1135 1390 1163 1429 1,
1189 1389 1243 1427 21,
1273 1390 1304 1428 1)
1337 1388 1406 1421 und
1440 1389 1574 1423 scheint

881 1443 944 1466 nur
969 1433 1218 1475 hinzugesetzt,
1244 1443 1301 1466 um
1320 1434 1419 1467 einen
1438 1434 1573 1478 Gegen-

881 1483 953 1512 satz
980 1489 1022 1512 zu
1047 1479 1226 1521 dispersos
1250 1489 1291 1512 zu
1313 1479 1440 1522 bilden‚
1467 1481 1509 1514 da
1534 1491 1571 1515 es

882 1524 974 1557 wolil
991 1524 1044 1557 bei
1062 1524 1434 1559 Schwerbewaffneten
1452 1526 1574 1560 darauf

881 1570 1070 1611 aukommt,
1096 1570 1170 1603 dass
1196 1571 1246 1603 sie
1264 1571 1431 1614 gedr'angt
1449 1572 1571 1606 stehen

881 1618 920 1657 (s
948 1618 1001 1655 39,
1030 1617 1100 1658 12),
1133 1616 1227 1649 nieht
1252 1616 1333 1649 aber
1358 1617 1413 1651 bei
1439 1618 1572 1652 Leicht—

882 1660 1128 1702 bewafl'neten,
1166 1661 1353 1695 besonders
1386 1673 1487 1697 wenn
1520 1664 1570 1698 sie

882 1707 1075 1741 Zerstreute
1107 1707 1293 1750 angreifen.

928 1756 959 1787 5.
983 1763 1177 1786 summam.
1193 1753 1311 1793 melli]
1335 1748 1401 1786 ‘fiir
1418 1753 1473 1788 die
1490 1754 1572 1788 Ent-

882 1798 1072 1841 scheidung
1103 1798 1162 1831 des
1195 1808 1326 1841 ganzen
1352 1794 1516 1842 Krieges‘;
1543 1811 1569 1835 s.

882 1845 937 1883 29,
963 1847 994 1883 4,
1022 1846 1058 1883 3;
1086 1845 1140 1885 32,
1169 1846 1220 1884 17,
1243 1846 1274 1877 9.
1301 1863 1344 1867 -
1367 1844 1571 1887 profectum

879 1889 990 1930 for-et]
1018 1900 1043 1923 s.
1070 1890 1124 1930 34,
1146 1891 1179 1929 1;
1205 1889 1275 1932 vgl.
1302 1891 1332 1930 3,
1352 1891 1406 1932 61,
1428 1892 1488 1931 12,
1516 1893 1570 1934 34,

881 1937 912 1974 3,
940 1938 975 1968 5:
1014 1937 1053 1968 in
1086 1945 1260 1968 summam
1294 1936 1456 1978 prodes&
1494 1936 1569 1971 Per.

884 1982 964 2019 102;
984 1980 1050 2014 Cic.
1070 1980 1112 2014 ad
1125 1981 1195 2014 Att.
1216 1983 1246 2022 7,
1266 1982 1316 2021 13,
1336 1984 1368 2020 1;
1387 1981 1467 2018 Tac.
1482 1982 1568 2017 Hist.

881 2028 911 2069 2,
941 2029 999 2065 16;
1026 2027 1113 2059 Ann.
1141 2028 1193 2069 13,
1220 2028 1273 2061 38.

927 2074 958 2106 6.
983 2075 1092 2113 nunc]
1114 2083 1141 2106 s.
1159 2083 1201 2105 zu
1222 2075 1250 2113 1,
1270 2073 1324 2114 28,
1342 2074 1373 2106 9.
1401 2093 1443 2097 -
1462 2085 1569 2117 prae-

878 2120 1032 2160 gressas]
1058 2118 1160 2152 nfiml.
1181 2117 1257 2151 dem
1275 2119 1408 2160 Agmen
1425 2120 1570 2162 quadra-

880 2170 952 2197 tum
978 2174 1114 2197 voraus.
1140 2183 1183 2188 —
1202 2165 1377 2205 cohortes]
1396 2174 1422 2198 s.
1442 2166 1495 2206 30,
1514 2166 1569 2208 33,

881 2212 916 2248 1;
948 2209 1022 2243 dass
1047 2209 1172 2253 gerade
1203 2211 1366 2242 cobortes
1388 2211 1569 2243 sociorum

881 2255 1028 2298 gedacht
1062 2255 1200 2289 werden
1234 2255 1362 2296 sollen‚
1395 2255 1440 2288 ist
1474 2255 1568 2289 nicht

879 2301 1134 2342 anzunehmen,
1165 2300 1207 2333 da
1241 2301 1334 2333 diese
1366 2310 1433 2333 von
1466 2300 1567 2335 Prae·

879 2346 961 2380 fecti
988 2346 1155 2388 befehligt
1181 2345 1328 2379 werden.

925 2395 956 2426 7.
976 2371 1396 2445 ,υν·ι“ηια]’“ἷ-εβῖιιειιηι]ξ
1401 2391 1434 2423 in
1449 2391 1567 2435 ausge—

877 2437 991 2470 losten
1018 2432 1207 2475 Gliedern’;
1245 2446 1270 2469 s.
1301 2436 1321 2478 ξ
1348 2438 1386 2470 4:
1417 2437 1566 2478 effusos:

878 2483 948 2525 vgl.
975 2484 1029 2522 21,
1052 2485 1106 2521 55,
1127 2483 1163 2520 3;
1190 2483 1244 2520 35,
1264 2483 1318 2522 29,
1337 2485 1367 2516 5.
1393 2500 1437 2507 —
1460 2483 1565 2518 modo

877 2528 1004 2571 secuti]
1033 2528 1098 2560 wie
1123 2527 1145 2570 ξ
1171 2529 1206 2566 6;
1232 2527 1301 2571 vgl.
1329 2529 1358 2570 1,
1388 2529 1439 2570 14,
1468 2530 1518 2564 10.
