1795 2844
602 79 729 114 LIBER
752 79 911 115 XXXIIII.
958 80 1053 116 CAP.
1080 83 1111 116 5.
1129 83 1161 116 6.
1541 77 1595 119 99

135 98 162 118 a.
180 90 246 119 Chr.
265 99 295 119 n.
316 91 376 118 ¹95.

140 196 335 251 Capitolio
358 196 405 237 ab
429 196 586 237 Sabinis
608 204 723 250 capto
744 197 875 236 medio
898 196 938 236 in
963 197 1048 237 soro
1072 197 1196 249 signis
1219 197 1371 237 collatis
1387 197 1596 237 dimicare-

136 261 212 303 tur,
243 267 380 294 nonne
402 255 627 294 intercursu
648 260 919 294 matronarum
943 254 1046 294 inter
1067 255 1171 294 acies
1193 254 1289 294 duas
1312 255 1509 307 proelium
1533 268 1595 295 se-

134 312 267 351 datum
289 310 377 351 est?
401 310 524 365 quid?
545 312 706 364 regibus
728 312 872 351 exactis
895 324 985 351 cum
1008 311 1218 351 Coriolano
1237 312 1384 351 Marcio
1408 313 1510 352 duce
1537 312 1595 352 le·

135 369 278 421 giones
299 369 533 409 Volscorum
555 376 680 409 castra
703 369 748 408 ad
773 369 956 422 quintum
980 369 1149 421 lapidem
1174 370 1424 422 posuissent,
1459 382 1596 410 nonne

135 427 172 466 id
194 439 352 479 agmen,
374 439 452 480 quo
476 427 616 467 obruta
637 427 735 466 haec
758 426 852 466 urbs
875 433 989 474 esset,
1011 433 1214 467 matronae
1236 425 1496 467 averterunt?
1517 428 1595 466 iam

134 483 234 524 urbe
264 491 377 537 capta
409 497 429 524 a
452 483 573 524 Gallis
602 496 757 533 aurum,
781 496 859 536 quo
890 485 1094 537 redempta
1119 484 1213 524 urbs
1246 490 1323 532 est,
1357 497 1490 524 nonne
1511 496 1595 524 ma-

134 549 272 581 tronae
309 553 509 581 consensu
546 541 723 581 omnium
763 541 802 580 in
841 541 1047 594 publicum
1086 540 1374 581 contulerunt?
1409 542 1594 594 proximo

133 598 252 647 bello,
283 611 334 638 ne
354 599 514 651 antiqua
536 605 725 651 repetam,
749 611 884 638 nonne
907 605 958 646 et,
990 611 1080 638 cum
1110 600 1279 651 pecunia
1303 612 1405 652 opus
1427 599 1514 648 fuit,
1536 599 1593 638 vi-

135 656 301 696 duarum
323 656 516 709 pecuniae
547 656 781 696 adiuverunt
802 656 1012 703 aerarium,
1046 663 1096 703 et,
1129 669 1218 696 cum
1242 656 1295 696 dii
1319 669 1479 709 quoque
1501 657 1594 696 novi

133 714 180 752 ad
197 726 314 767 opem
332 713 534 753 ferendam
552 713 683 753 dubiis
699 713 818 753 rebus
833 720 1149 761 accerserentur,
1166 721 1369 753 matronae
1386 714 1594 754 universae

134 771 181 810 ad
203 783 309 811 mare
340 771 542 823 profectae
573 778 667 810 sunt
689 771 736 811 ad
765 777 931 811 matrem
958 770 1114 810 Idaeam
1143 769 1448 824 accipiendam?
1479 772 1593 811 dissi-

131 827 259 875 miles,
289 828 436 880 inquiS,
466 841 605 868 causae
627 835 733 869 sunt.
777 841 850 868 nec
871 828 968 868 mihi
991 841 1129 868 causas
1150 841 1319 881 aequare
1341 829 1593 881 propositum

134 891 215 935 est;
249 885 348 925 nihil
375 886 466 924 novi
488 886 637 926 factum
659 898 829 939 purgare
851 886 945 926 satis
968 893 1039 925 est.
1083 892 1258 925 ceterum
1282 886 1388 938 quod
1411 887 1449 925 in
1473 886 1593 926 rebus

131 943 179 982 ad
201 943 331 983 omnis
352 943 514 995 pariter,
543 943 648 983 viros
669 943 849 990 feminas,
880 943 1174 996 pertinentibus
1205 943 1346 983 fecisse
1379 956 1443 982 eas
1473 956 1590 983 nemo

131 1001 297 1041 miratus
313 1006 384 1049 est,
406 1000 447 1039 in
464 1014 580 1041 causa
604 1001 766 1054 proprie
783 1001 830 1040 ad
847 1001 952 1054 ipsas
969 1001 1193 1053 pertinente
1215 1000 1404 1040 miramur
1421 999 1592 1041 fecisse?

1627 549 1665 582 10

1625 779 1641 812 1

1626 894 1642 926 1

1645 778 1663 812 1

1646 895 1663 918 ¹)

1646 918 1663 927 ..ι

131 1058 224 1111 quid
246 1066 378 1098 autem
406 1057 620 1098 fecerunt?
647 1058 852 1111 superbas,
873 1070 936 1097 me
959 1059 1047 1098 dius
1076 1058 1218 1105 fidius,
1242 1071 1357 1098 aures
1386 1058 1592 1106 habemus,
1624 1066 1661 1098 13

130 1116 184 1164 si,
217 1128 310 1156 cum
340 1115 490 1155 domini
521 1128 726 1155 servorum
755 1128 836 1155 non
867 1116 1071 1156 fastidiant
1101 1129 1264 1168 preces,
1294 1128 1367 1154 nos
1388 1116 1519 1167 rogari
1541 1116 1589 1155 ab

130 1173 310 1213 honestis
332 1173 489 1212 feminis
511 1173 779 1225 indignamur.

244 1230 370 1270 Venio
393 1243 501 1270 nunc
531 1231 579 1270 ad
610 1231 670 1278 id,
702 1231 749 1270 de
781 1243 859 1282 quo
882 1231 1024 1282 agitur.
1066 1230 1105 1269 in
1132 1241 1211 1282 quo
1244 1228 1390 1282 duplex
1413 1229 1591 1270 consulis
1616 1235 1641 1271 6

131 1287 255 1327 oratio
278 1288 372 1336 fuit3
404 1301 493 1327 nam
517 1295 555 1327 et
576 1288 705 1339 legem
727 1288 847 1327 ullam
871 1287 1035 1327 omnino
1058 1286 1239 1337 abrogari
1263 1293 1323 1326 est
1344 1287 1589 1337 indignatus,

132 1353 170 1384 et
186 1358 272 1384 eam
288 1346 502 1398 praecipue
518 1345 658 1397 legem,
677 1358 777 1397 quae
794 1346 972 1385 luxuriae
987 1344 1194 1383 muliebris
1211 1345 1455 1383 coercendae
1472 1357 1590 1383 causa

130 1402 206 1442 lata
241 1408 355 1442 esset.
407 1409 444 1441 et
472 1402 537 1442 illa
569 1403 795 1442 communis
826 1415 899 1456 pro
931 1403 1087 1454 legibus
1108 1402 1188 1441 visa
1219 1401 1440 1441 consularis
1462 1402 1589 1441 oratio

1622 1354 1641 1386 2

131 1483 160 1520 1,
180 1482 211 1522 2,
229 1482 270 1514 3:
295 1482 369 1512 iam
385 1481 470 1513 inde
491 1482 533 1513 ab
551 1482 670 1514 initio.
689 1500 732 1505 —
750 1492 821 1513 me-

127 1527 187 1559 dio
212 1529 252 1558 in
275 1525 372 1567 foro]
399 1537 425 1560 s.
445 1529 476 1568 7,
496 1529 550 1568 19,
569 1530 605 1565 3;
631 1529 687 1567 44,
703 1529 760 1568 44,
778 1531 819 1564 42

125 1583 186 1606 zur
204 1571 316 1605 Sache
329 1582 356 1607 S.
374 1574 403 1611 1,
420 1574 474 1614 13,
489 1574 519 1605 1.
538 1592 583 1596 —
599 1575 818 1614 intercursu]

126 1618 185 1651 hat
209 1618 284 1651 hier
308 1618 360 1651 als
389 1618 523 1651 Nomen
547 1619 689 1652 verbale
723 1621 820 1651 inter·

125 1664 182 1697 bei
208 1664 293 1698 sich.

172 1711 297 1745 9—10.
338 1709 399 1743 Die
425 1709 551 1742 zweite
576 1709 723 1743 Periode
748 1712 818 1750 (re-

121 1757 230 1798 gibus
253 1758 423 1796 exactis),
449 1754 526 1788 dem
550 1759 728 1797 regnante
752 1755 820 1789 Ro-

124 1801 223 1834 mulo
248 1800 510 1844 entsprechend.

171 1850 202 1882 9.
236 1847 428 1880 Coriolano
461 1846 613 1887 Marcio]
650 1857 676 1880 5,
710 1857 751 1880 Ζι1
787 1849 819 1888 4,

126 1896 180 1936 14,
206 1895 226 1927 6
251 1892 321 1925 und
347 1895 402 1927 26.
427 1893 482 1931 22,
510 1894 563 1926 13.
581 1911 624 1916 —
643 1892 692 1924 ad
716 1895 820 1935 quin-

125 1943 202 1972 tum
237 1938 404 1982 lapidem]
430 1948 457 1972 s.
475 1940 508 1980 2,
532 1940 587 1980 39,
605 1941 636 1970 5.
662 1957 707 1961 —-
733 1941 818 1979 iam]

123 1995 150 2018 s.
166 1988 220 2026 23,
241 1988 273 2024 5,
301 1986 353 2018 15.
366 1985 506 2017 -11rbe
526 1986 645 2026 capta]
662 1983 745 2016 heht
764 1984 818 2017 die

122 2030 433 2072 Zeitbestimmung
451 2030 528 2062 dem
547 2031 694 2071 regibus
711 2041 817 2063 etz-ae-

123 2080 169 2109 tis
181 2077 252 2110 und
264 2080 441 2119 regnante
453 2075 604 2109 Romulo
619 2076 818 2118 gegentiber

123 2123 264 2160 hel-vor:
290 2133 316 2156 s.
344 2124 399 2163 24,
413 2124 444 2161 9,
463 2124 494 2155 9.
513 2141 557 2145 —-
575 2121 744 2161 aurum]*
770 2142 816 2146 —

121 2169 509 2211 nonne]*—consensu
528 2169 698 2207 omnium]
717 2177 744 2200 5.
761 2170 814 2208 32,

126 2217 164 2253 8;
189 2216 243 2253 33,
262 2215 443 2255 23,1u.a.;
469 2213 539 2256 vgl.
554 2216 586 2254 4,
602 2216 656 2251 51,
673 2216 703 2246 3.

173 2262 225 2293 10.
255 2261 436 2302 prozm'mo]
469 2259 515 2292 ist
553 2269 713 2302 ungenau
745 2269 814 2292 von

124 2305 201 2339 dem
231 2305 425 2348 punischen
456 2303 582 2347 Kriege
615 2309 752 2348 gesagt3
786 2315 813 2338 s.

126 2352 180 2391 33,
203 2353 261 2390 42,
285 2353 325 2385 4:
354 2361 420 2393 per
450 2351 591 2383 bellum.
616 2370 661 2375 —-
685 2351 813 2383 vidua-

121 2407 204 2429 rum
216 2421 226 2430 .
240 2398 262 2437 .]
276 2406 302 2430 5.
318 2397 372 2437 24,
389 2398 442 2439 18,
459 2399 511 2430 14.
536 2416 582 2420 ——
607 2397 672 2438 diz]
686 2407 713 2429 s.
731 2397 761 2437 3,
781 2399 812 2431 8.

171 2441 492 2477 11—13.1ndessen
506 2452 543 2475 es
554 2452 670 2476 waren
689 2441 812 2476 offent-

120 2487 229 2527 liche,
260 2487 322 2521 das
352 2487 566 2521 Staatswohl
598 2487 812 2521 betreffende

122 2532 368 2571 Verhiiltnisse,
395 2533 712 2577 Veranlassungen,
738 2533 814 2567 Μο-

122 2579 193 2613 tive
218 2581 387 2621 (causae).

944 1483 994 1514 11.
1015 1482 1195 1523 purgare]
1222 1490 1248 1513 s.
1277 1481 1332 1522 62,
1349 1483 1386 1519 5;
1414 1482 1467 1521 24,
1486 1482 1541 1522 47,
1556 1483 1589 1514 6.

943 1540 995 1571 12.
1022 1536 1211 1578 feminas]*
1235 1555 1280 1561 —
1303 1539 1465 1580 proprie]
1492 1547 1517 1570 5.
1533 1539 1589 1579 33,

893 1586 947 1625 37,
976 1586 1029 1617 10.

942 1643 992 1675 13.
1029 1640 1119 1683 quid
1154 1642 1272 1672 autem
1308 1639 1509 1683 fecerunt?]
1548 1651 1588 1674 so

891 1687 1007 1730 wenig
1041 1687 1108 1719 wie
1142 1686 1195 1718 ihr
1226 1686 1588 1728 gemeinschaftliches

892 1732 1046 1766 Handeln
1079 1731 1149 1765 und
1182 1730 1399 1765 offentliches
1432 1731 1589 1765 Erschei-

892 1789 958 1811 nen
984 1779 1028 1812 ist
1051 1778 1112 1811 das
1131 1788 1173 1810 zu
1190 1777 1318 1820 tadeln‚
1343 1787 1416 1810 was
1435 1778 1484 1810 sie
1497 1778 1588 1819 jetzt

891 1824 1019 1866 gethan
1056 1824 1182 1856 haben.
1237 1822 1299 1856 Die
1331 1823 1493 1856 Antwort
1530 1824 1591 1857 auf

892 1871 981 1913 quid
1015 1870 1059 1903 ist
1098 1869 1194 1902 nicht
1240 1868 1427 1901 besonders
1465 1879 1588 1912 ausge-

891 1915 1025 1955 drackt,
1052 1915 1201 1948 sondern
1226 1915 1260 1947 in
1288 1914 1364 1947 dem
1398 1914 1586 1957 folgenden

892 1961 972 1995 Satz
997 1962 1031 1995 in
1059 1961 1125 1994 den
1151 1959 1295 1993 Worten
1320 1971 1386 1992 nos
1409 1963 1585 2002 rogari..

890 2008 1079 2042 enthalten.
1106 2026 1150 2030 —
1175 2007 1368 2049 superbas.
1389 2031 1396 2039 .
1413 2008 1532 2047 aures]
1558 2017 1586 2041 5.

888 2055 942 2095 24,
970 2057 1000 2095 5,
1029 2056 1058 2087 5.

932 2110 969 2146 6.
999 2112 1096 2144 1-6,
1122 2109 1183 2143 Die
1199 2109 1336 2143 Grsmde
1354 2109 1416 2143 des
1434 2109 1584 2143 Konsuls

886 2156 962 2189 sind
998 2157 1093 2189 nicht
1127 2155 1335 2199 schlagend,
1367 2155 1410 2188 da
1442 2166 1478 2188 er
1508 2165 1585 2188 ver-

885 2202 1069 2235 schiedene
1095 2201 1204 2244 Dinge
1230 2201 1417 2234 vermischt
1443 2201 1512 2235 hat.
1537 2220 1584 2224 —

935 2251 963 2282 1.
989 2249 1032 2281 de
1061 2259 1130 2291 quo
1167 2248 1306 2289 agitur]
1337 2247 1496 2280 Antwort
1524 2246 1586 2279 auf

884 2293 969 2337 Kap.
989 2296 1019 2328 3.
1046 2313 1090 2317 —
1117 2294 1251 2336 duplea:
1274 2318 1283 2327 .
1309 2318 1318 2326 .
1344 2294 1476 2333 oratio]
1498 2291 1529 2324 d.
1548 2292 1582 2325 h,

884 2340 973 2373 zwei
1010 2340 1158 2373 Klassen
1196 2349 1264 2372 von
1305 2337 1467 2371 Grunden
1499 2338 1583 2378 (An-

885 2385 1030 2428 griffen).
1055 2405 1101 2410 -
1127 2385 1239 2426 legem
1271 2384 1410 2416 nullam
1436 2410 1444 2418 .
1464 2383 1485 2425 .]
1520 2383 1581 2416 hat

885 2431 969 2464 Cato
1010 2431 1105 2464 nicht
1143 2440 1181 2463 so
1218 2430 1397 2463 bestimmt
1441 2432 1580 2472 gesagt;

886 2477 946 2510 der
971 2476 1106 2510 Redner
1132 2475 1268 2509 scheint
1293 2485 1329 2509 es
1356 2486 1417 2509 aus
1443 2478 1475 2516 3,
1491 2478 1510 2509 5
1537 2485 1581 2508 zu

886 2523 1030 2565 folgern.

935 2582 966 2613 2.
986 2590 1056 2622 pro
1076 2580 1212 2621 leg-ibus
1229 2604 1236 2612 .
1257 2605 1263 2612 .
1285 2580 1417 2641 orassz'o]
1437 2578 1580 2611 attribu-

1336 2639 1343 2657 l
