1795 2844
559 81 684 116 LIBER
708 81 838 117 XXXII.
886 82 980 116 CAP.
1008 83 1061 117 25.
1087 84 1141 117 26.
1491 81 1570 120 151

92 77 104 90 ’
118 103 142 122 a.
164 94 233 122 Clu.
253 102 282 122 n.
305 94 362 122 198.

118 200 227 252 regio
248 199 411 245 missus,
444 199 511 251 qui
533 199 723 238 excedere
744 197 843 237 urbe
874 198 1049 238 iuberet:
1084 212 1212 250 neque
1233 200 1339 239 enim
1362 212 1478 251 pares
1500 212 1569 240 eos

119 256 328 309 oppidanis
349 256 461 301 solis,
494 256 559 308 qui
582 256 684 295 idem
706 256 812 307 quod
834 255 1069 296 Macedones
1091 257 1305 304 sentirent,
1331 257 1475 296 nedum
1498 257 1566 296 ad-

117 314 262 354 iunctis
277 313 560 353 Macedonibus
582 326 680 360 esse,
703 325 804 364 quos
826 324 876 352 ne
894 312 1062 352 Romani
1084 314 1242 365 quidem
1265 314 1312 353 ad
1331 313 1565 354 Corinthum

115 371 410 419 sustinuissent,
432 371 560 423 primo
580 370 676 409 nihil
693 383 767 409 nec
789 370 930 409 ducem
947 382 1020 409 nec
1039 370 1146 422 ipsos
1163 371 1304 420 movit;
1327 377 1417 423 post
1432 371 1564 423 paulo,
1597 379 1615 411 8

115 434 160 469 ut
176 428 340 481 Argivos
363 441 522 480 quoque
544 433 716 467 armatos
733 440 779 467 ex
796 433 906 479 parte
924 427 1047 466 altera
1068 428 1262 468 venientis
1278 441 1422 480 magno
1441 429 1565 481 agmi-

116 498 166 525 ne
187 485 393 533 viderunt,
416 492 564 525 certam
586 485 803 536 perniciem
827 490 1057 533 cernentes,
1080 497 1240 524 omnem
1260 491 1391 525 tamen
1416 498 1563 533 casum,

113 542 148 582 si
183 543 426 595 pertinacior
456 543 534 582 dux
568 543 725 588 fuisset,
762 541 996 581 videbantur
1030 542 1212 582 subituri.
1268 543 1564 592 Aenesidemus,
1594 553 1613 585 9

115 612 166 639 ne
188 600 261 640 fios
277 600 524 639 Achaeorum
547 599 760 639 iuventutis
781 599 898 639 simul
914 611 1004 638 cum
1021 599 1120 638 urhe
1142 600 1401 647 amitteretur,
1424 607 1563 652 pactus

116 669 138 696 a
160 657 354 703 Philocle,
388 664 430 696 ut
450 657 558 696 abire
579 657 655 696 illis
685 657 843 703 liceret,
873 656 957 708 ipse
981 669 1059 707 quo
1081 657 1170 696 loco
1199 663 1360 696 steterat
1389 664 1563 698 armatus

113 727 205 754 cum
225 714 362 766 paucis
383 713 594 754 clientibus
617 726 698 753 non
722 714 900 754 excessit.
943 714 1084 753 missus
1105 727 1125 754 a
1148 714 1332 762 Philocle,
1355 715 1421 766 qui
1443 728 1563 767 quae·-
1594 724 1631 757 10

113 778 242 819 reret,
273 771 366 823 quid
389 771 464 811 sibi
491 772 616 810 vellet.
668 771 767 810 nihil
795 777 897 810 statu
927 778 1048 818 moto,
1082 784 1172 811 cum
1202 771 1380 823 proiecto
1404 785 1497 824 prae
1519 786 1561 812 se

111 828 242 880 clipeo
263 835 405 876 staret,
438 828 477 868 in
500 828 696 881 praesidio
720 828 890 867 creditae
914 828 1024 868 urbis
1044 829 1283 868 moriturum
1304 842 1346 868 se
1367 836 1561 869 armatum

110 885 330 937 respondit.
371 892 455 926 tum
485 886 593 926 iussu
616 886 803 938 praefecti
826 898 847 925 a
869 885 1112 926 Thraecibus
1140 887 1319 926 coniecta
1340 887 1417 926 tela
1438 887 1563 926 inter-

109 943 282 995 fectique
304 955 455 983 omnes.
498 949 535 983 et
551 949 639 995 post
661 949 816 994 pactam
838 943 941 982 inter
958 944 1135 984 Achaeos
1152 957 1194 983 ac
1212 944 1414 984 Romanos
1434 944 1561 984 socie·
1595 953 1628 985 11

110 1006 230 1039 tatem
260 1001 359 1040 duae
391 1000 657 1040 nobilissimae
683 1001 822 1048 urbes,
853 1000 945 1052 Argi
969 1006 1005 1039 et
1028 1001 1259 1047 Corinthus,
1293 1002 1333 1040 in
1364 1007 1559 1053 potestate

109 1057 215 1109 regis
244 1064 368 1097 erant.
420 1057 517 1097 hacc
540 1071 583 1097 ea
614 1064 759 1097 aestate
788 1058 835 1097 ab
858 1058 1047 1098 Romanis
1068 1059 1107 1098 in
1131 1058 1292 1098 Graecia
1314 1065 1419 1098 terra
1441 1059 1560 1098 mari-
1593 1068 1630 1101 12

110 1127 188 1166 que
209 1121 415 1211 ἕίῗῐὲᾶίἱίεὶ
437 1172 534 1211 nihil
563 1184 656 1210 sane
679 1172 934 1211 memorabile
967 1171 1014 1210 ab
1038 1172 1127 1211 Sex.
1151 1172 1259 1211 Aelio
1292 1173 1456 1211 consule
1487 1185 1555 1225 ge·
1577 1178 1627 1215 26

868 1261 1008 1283 movere
1032 1261 1111 1283 vom
1137 1250 1314 1292 besicglen
1346 1250 1481 1284 Feinde.
1514 1269 1560 1276 ——

110 1251 130 1291 ξ
149 1251 169 1283 9
195 1249 356 1293 solgende
371 1253 499 1293 pactus
516 1253 605 1282 setzt
622 1249 798 1283 Verhand·

869 1307 947 1329 cum
970 1322 976 1329 .
1001 1296 1022 1338 .]
1059 1295 1248 1338 Esklarung
1281 1307 1349 1329 von
1380 1300 1487 1330 siaiu.
1514 1316 1559 1321 —

107 1294 237 1338 lungen
254 1306 389 1329 voraus.
409 1315 452 1320 —
468 1296 598 1328 nedum
614 1320 621 1328 .
637 1321 643 1328 .
658 1306 702 1328 ne
720 1298 797 1338 qui-

109 1341 200 1382 dem]
234 1340 396 1384 doppelte
423 1341 637 1384 Steigerung.
664 1361 709 1366 —
733 1353 798 1374 nec

107 1388 216 1430 ipsos]
249 1383 351 1420 ‘noch
382 1387 435 1420 die
462 1386 626 1420 Soldaten
660 1382 796 1428 selbst',

107 1433 210 1465 naml.
245 1432 298 1465 die
325 1435 345 1474 ξ
374 1434 393 1466 6
427 1436 620 1475 genannten
653 1434 798 1466 iuvenes

107 1478 252 1517 delecti;
273 1482 370 1511 sonst
388 1478 474 1511 wird
491 1478 710 1522 gewohnlich
725 1489 798 1511 um-

106 1523 251 1566 gekehrt
275 1524 337 1557 mit
360 1525 436 1567 ipse
460 1524 519 1557 der
542 1523 713 1557 Anfiihrer
738 1525 796 1558 be-

105 1570 276 1606 zeichnet;
293 1580 319 1603 s.
335 1572 390 1611 22,
405 1572 459 1611 46,
471 1572 506 1609 Ί;
523 1572 576 1610 27,
595 1573 646 1612 15,
665 1572 703 1604 13
717 1581 748 1603 u.
765 1581 794 1603 a.

153 1617 183 1649 8.
202 1617 442 1658 pertinacior]
470 1626 505 1649 er
526 1615 580 1648 fur
605 1616 698 1649 seine
716 1615 796 1649 Per-

105 1670 169 1694 son
189 1672 259 1694 war
276 1671 324 1702 es,
342 1661 409 1694 wie
427 1661 488 1694 das
502 1661 675 1704 Folgende
694 1663 793 1704 zeigt,

107 1707 190 1740 aber
214 1706 306 1739 nicht
324 1707 357 1738 in
377 1706 565 1740 Rucksicht
583 1707 642 1740 aus
658 1706 713 1740 die
732 1707 794 1740 Be-

108 1752 287 1795 hauptung
312 1752 371 1785 der
389 1751 499 1793 Stadt,
525 1752 565 1785 da
588 1763 624 1785 er
641 1753 714 1785 sich
739 1763 794 1786 so·

106 1798 217 1841 gleich
236 1797 296 1830 auf
310 1798 409 1831 einen
427 1797 567 1840 Vertrag
585 1798 731 1831 einliess.
750 1817 793 1823 —

104 1844 320 1876 videbantur
339 1845 510 1883 subituri]
532 1853 557 1876 s.
574 1854 614 1876 zu
626 1846 656 1885 5,
675 1846 793 1884 26,10.

152 1891 183 1922 9.
208 1887 476 1933 Aenesidemus]
504 1889 632 1933 Asynd.
660 1888 793 1922 advers.

104 1953 148 1959 —
175 1946 196 1967 a
219 1935 386 1976 Philocle]
405 1935 474 1977 vgl.
494 1933 577 1968 Sall.
594 1935 663 1977 lug.
684 1937 737 1977 26,
759 1938 792 1969 1;

105 1983 247 2013 tantum
265 1982 308 2013 ab
327 1991 366 2013 eo
384 1982 496 2013 vitam
509 1982 731 2023 paciscatur.
748 2000 794 2005 ——

104 2037 184 2059 cum
202 2028 333 2069 paucis
364 2026 567 2067 clientibus]
605 2027 726 2069 gehort
751 2037 791 2060 zu

102 2074 268 2110 steteram
295 2082 336 2104 zu
354 2074 506 2104 excessit
527 2072 571 2105 ist
589 2083 634 2104 ex
652 2082 691 2104 eo
709 2072 792 2105 oder

102 2118 186 2151 inde
199 2128 240 2150 zu
255 2116 406 2156 denkem
422 2128 448 2153 s.
463 2120 494 2158 6,
509 2119 540 2158 4,
556 2121 591 2156 5;
608 2119 661 2159 27,
672 2120 789 2160 42,1Ο.

153 2165 205 2196 10.
230 2163 372 2207 missus]
399 2163 501 2196 naml.
527 2167 594 2201 est;
621 2163 675 2196 die
698 2163 790 2197 Rede

103 2209 150 2242 ist
174 2209 371 2251 abgerissen
398 2209 465 2242 wie
483 2211 537 2250 23,
560 2211 609 2242 10.
636 2229 680 2233 -
703 2210 792 2252 quid

101 2256 172 2287 sibi
188 2254 304 2295 vellet]
323 2265 349 2289 s.
365 2256 396 2295 3,
410 2256 464 2295 35,
479 2258 510 2289 5.
529 2257 582 2295 50,
602 2257 639 2288 15
655 2265 686 2287 u.
702 2265 731 2287 a.
746 2274 790 2278 —

102 2301 198 2333 nihil
208 2303 303 2332 stam
320 2299 448 2342 moto*]
463 2295 569 2333 ‘ohne
587 2300 682 2333 seine
700 2299 789 2334 Stel-

102 2345 187 2388 lung
210 2346 255 2378 im
282 2346 478 2388 geringsten
505 2356 547 2378 zu
580 2343 790 2385 verandern';

103 2401 130 2424 s.
147 2390 259 2424 Plaut.
277 2390 347 2424 Mil.
363 2393 445 2430 206;
465 2393 587 2424 crebro
608 2395 794 2424 conmutat

100 2438 234 2479 statu-53
252 2437 321 2479 vgl.
343 2440 429 2478 1‚55,
447 2439 482 2471 4:
508 2440 641 2469 motam
657 2438 788 2477 πόρπη

103 2482 160 2522 34,
177 2485 232 2520 54,
246 2484 281 2516 8:
299 2483 394 2515 m'lzil
409 2486 545 2516 motum
563 2494 608 2515 ex
625 2485 790 2526 antiquo;

102 2526 240 2559 fihnlich
255 2527 322 2561 Cic.
337 2527 438 2562 Tusc.
455 2530 486 2569 3,
503 2531 559 2562 15:
579 2539 708 2571 cor-pus
719 2531 790 2561 sta-

103 2575 143 2604 tu
158 2582 237 2604 cum
252 2575 301 2604 est
314 2577 447 2606 motum
461 2573 528 2607 und
543 2574 597 2607 bei
612 2574 682 2606 Liv.
692 2577 789 2606 statu

866 1353 957 1385 prae
990 1344 1037 1382 sc]
1068 1352 1093 1375 s.
1122 1352 1163 1374 zu
1195 1344 1244 1382 17,
1275 1345 1324 1375 13.
1356 1362 1399 1366 —-
1429 1344 1555 1383 staret]

868 1387 922 1421 die
948 1387 1218 1430 Wiederholung
1237 1398 1304 1420 von
1323 1391 1438 1420 staret
1463 1388 1549 1421 uach

867 1436 964 1466 statu
989 1433 1033 1466 ist
1059 1433 1150 1466 nicht
1176 1433 1330 1473 st6rend;
1359 1434 1427 1476 vgl.
1446 1433 1556 1467 Plaut.

867 1477 938 1512 Mil.
962 1481 1062 1513 1389:
1081 1482 1152 1511 stat
1168 1480 1207 1511 in
1225 1482 1320 1511 statu
1342 1490 1465 1516 sencoe:
1485 1479 1556 1513 Liv.

867 1526 920 1566 30,
939 1526 970 1566 2,
985 1527 1020 1558 8:
1038 1527 1070 1557 si
1089 1525 1209 1557 eodem
1225 1527 1322 1557 statu
1340 1525 1556 1568 respublica

863 1574 987 1604 staret.
1004 1590 1049 1595 —
1073 1573 1111 1603 in
1131 1571 1318 1613 praesidio
1331 1598 1337 1604 .
1349 1573 1369 1612 .]
1388 1581 1414 1604 s.
1432 1570 1555 1604 Herod.

866 1619 897 1656 7,
924 1618 1006 1655 220,
1038 1619 1077 1648 in
1106 1617 1290 1660 pracsidio
1315 1634 1360 1645 =
1382 1613 1457 1649 ‘auf
1478 1616 1555 1649 dem

864 1663 947 1703 (ihm
963 1664 1215 1704 auvertrauten)
1231 1659 1380 1700 Posten';
1397 1663 1556 1695 creditae

864 1710 965 1740 urbis
979 1709 1020 1741 ist
1033 1708 1120 1740 dazu
1134 1708 1331 1750 Epexegese
1345 1708 1413 1741 und
1424 1719 1463 1741 zu
1480 1719 1553 1741 cre-

865 1754 963 1786 ditae
981 1755 1023 1786 ist
1041 1755 1111 1785 sibi
1127 1765 1167 1787 zu
1188 1753 1338 1792 denken3
1366 1764 1424 1787 zur
1443 1753 1552 1787 Sache

864 1799 933 1841 vgl.
957 1801 1009 1840 24,
1029 1802 1081 1839 37,
1109 1800 1144 1837 9;
1171 1801 1225 1840 28,
1245 1802 1275 1841 6,
1294 1802 1324 1833 6.
1351 1819 1394 1823 -
1424 1799 1554 1832 Thrae-

865 1846 973 1886 cibus]
1002 1855 1027 1877 s.
1051 1846 1105 1882 31,
1133 1847 1185 1886 15,
1213 1847 1265 1878 11.
1290 1864 1335 1868 -
1362 1847 1490 1885 omnes]
1518 1855 1554 1878 er

863 1890 932 1923 und
966 1890 1059 1923 seiue
1093 1889 1267 1928 Kjientem
1303 1890 1377 1923 dass
1409 1890 1462 1924 die
1488 1889 1553 1924 Be-

863 1939 1008 1978 satzung
1025 1936 1198 1968 entlassen
1216 1936 1272 1977 ist,
1296 1936 1377 1978 geht
1394 1946 1454 1969 aus
1470 1947 1554 1979 pac-

864 1985 919 2014 tus
945 1984 1003 2024 §9
1031 1981 1097 2014 und
1117 1992 1194 2014 cum
1215 1983 1345 2024 paucis
1370 1982 1504 2015 hervor.

912 2029 962 2060 12.
989 2028 1075 2059 haec
1089 2053 1096 2060 .
1112 2029 1133 2068 .]
1153 2037 1179 2060 S.
1197 2029 1249 2067 31,
1268 2030 1322 2063 47.
1338 2029 1368 2062 3.
1383 2046 1426 2051 —
1442 2027 1553 2061 Nach-

861 2072 936 2106 dem
956 2072 1082 2114 Livius,
1107 2072 1185 2106 dem
1207 2072 1373 2117 Polybios
1399 2073 1550 2116 folgend,

861 2118 915 2151 die
932 2118 1240 2161 Kriegsereignisse
1254 2119 1287 2151 in
1299 2119 1550 2153 Griechenland

861 2163 1061 2207 dargestetlt
1095 2165 1172 2206 hat,
1207 2165 1372 2198 berichtet
1403 2175 1439 2198 er
1464 2164 1548 2207 Kap.

861 2211 1002 2243 26—31
1033 2211 1185 2243 mehrere
1218 2210 1311 2243 nicht
1337 2220 1550 2244 zusammen-

859 2255 1038 2298 hiingende
1055 2255 1290 2289 Einzelheiten
1314 2266 1374 2289 aus
1401 2256 1548 2289 anderen

858 2300 978 2334 Teilen
1004 2301 1064 2334 des
1081 2302 1272 2335 romischen
1292 2300 1435 2334 Reiches
1461 2301 1548 2334 nach

862 2346 927 2380 den
953 2347 1118 2380 Annalen.

906 2391 970 2427 26.
996 2392 1190 2434 Ereignisse
1214 2392 1249 2425 in
1274 2391 1417 2425 Gallien.
1450 2391 1550 2426 Skla-

860 2438 1207 2480 venverschworung.
1234 2438 1316 2471 Zon.
1330 2439 1361 2479 9,
1378 2440 1434 2475 16;
1451 2436 1547 2472 Oros.

860 2485 892 2525 4,
919 2484 973 2517 20.

908 2530 937 2561 1.
963 2528 1058 2560 nihil
1072 2530 1167 2569 sane]
1194 2529 1260 2562 wie
1278 2529 1377 2562 haud
1391 2540 1475 2562 sane
1493 2531 1547 2571 21,

861 2575 913 2606 32.
945 2576 995 2607 10.
