1747 2780
155 507 174 539 9

132 620 172 653 10

135 735 172 768 11

131 962 170 995 12

206 99 260 138 94
634 101 760 134 LIBER
783 101 900 137 XXXI.
949 101 1044 137 CAP.
1067 104 1123 138 48.
1149 105 1203 138 49.

1448 123 1473 141 a.
1492 123 1520 143 u.
1540 122 1563 142 e.
1582 117 1648 143 554,

204 217 246 257 in
268 218 429 257 alteram
450 224 529 256 tam
551 217 818 268 propinquam
847 218 1043 258 coloniam
1076 225 1196 266 esset,
1227 219 1320 269 quid
1348 219 1508 258 tandem
1528 231 1644 271 prae-

204 274 282 313 tori
302 274 525 314 faciendum
546 272 697 313 fuisse?
719 287 810 329 nam
830 275 862 314 si
883 276 969 315 sine
991 276 1155 315 consule
1177 276 1260 327 geri
1282 276 1380 314 nihil
1406 277 1641 327 oportuerit,

204 338 272 370 aut
291 338 472 370 senatum
494 343 691 381 peccasse,
714 332 780 382 qui
801 332 1017 371 exercitum
1038 333 1211 384 praetori
1229 332 1381 372 dederit
1395 355 1450 361 —
1466 333 1643 384 potuisse

205 388 334 438 enim,
367 388 468 427 sicut
490 400 571 426 non
595 389 787 438 praetoris
808 389 875 428 sed
897 389 1071 428 consulis
1092 390 1267 429 exercitu
1287 401 1373 428 rem
1394 389 1479 441 geri
1506 390 1642 429 volue-

205 445 276 492 rit,
304 445 355 484 ita
376 445 491 483 finire
520 451 681 484 senatus
710 446 913 492 consulto,
945 458 995 485 ne
1017 459 1089 498 per
1110 453 1334 498 praetorem
1364 446 1432 485 sed
1452 458 1526 497 per
1546 459 1643 486 con-

203 501 328 540 sulem
349 508 554 553 gereretur
575 524 652 548 —,
674 509 742 541 aut
766 503 990 550 consulem,
1014 503 1081 554 qui
1110 516 1213 549 non,
1243 515 1335 542 cum
1356 503 1574 543 exercitum
1595 516 1643 542 ex

203 557 360 597 Etruria
381 558 550 598 transire
571 558 611 597 in
635 558 796 597 Galliam
817 559 1012 607 iussisset,
1034 560 1118 611 ipse
1139 560 1308 599 Arimini
1329 559 1568 608 occurrerit,
1599 567 1644 599 ut

200 614 303 655 bello
326 616 554 663 interesset,
578 616 684 666 quod
705 616 789 655 sine
811 629 857 655 eo
879 617 963 667 geri
984 617 1041 656 fas
1062 630 1144 656 uon
1167 623 1280 656 esset.
1321 629 1403 656 non
1434 623 1642 668 expectare

203 673 296 712 belli
325 680 504 723 tempora
530 684 663 711 moras
684 680 723 711 et
748 672 953 712 dilationes
981 673 1285 724 imperatorum,
1316 681 1354 712 et
1381 674 1642 725 pugnandum

203 742 289 770 esse
310 730 530 776 interdum,
562 742 643 768 non
675 729 762 780 quia
791 730 897 777 velis,
928 731 995 769 sed
1025 731 1115 781 quia
1136 731 1260 770 hostis
1290 737 1416 781 cogat.
1466 742 1642 782 pugnam

202 787 327 838 ipsam
348 793 611 837 eventumque
633 799 791 837 pugnae
813 787 983 838 spectari
1004 787 1161 826 debere.
1203 788 1312 827 fusos
1333 799 1547 838 caesosque
1571 787 1642 826 ho-

202 844 292 892 stis,
316 850 442 882 castra
463 850 574 894 capta
597 856 641 882 ac
662 843 833 895 direpta,
857 844 1053 883 coloniam
1080 844 1286 883 liberatam
1304 844 1523 890 obsidione,
1545 844 1641 883 alte-

201 901 284 941 rius
305 900 483 940 coloniae
505 900 678 951 captivos
698 908 954 952 recuperatos
974 901 1257 952 restitutosque
1278 901 1359 940 suis
1373 932 1383 948 ,
1405 900 1641 939 debellatum

200 970 282 997 uno
304 958 455 1009 proelio
478 969 575 996 esse.
618 970 699 996 non
722 958 902 997 homines
931 964 1085 996 tantum
1114 970 1158 996 ea
1178 957 1339 996 victoria
1360 957 1542 1004 laetatos,
1572 957 1642 997 sed

201 1015 274 1054 diis
309 1027 468 1065 quoque
501 1014 787 1053 immortalibus
822 1027 893 1065 per
923 1014 1098 1053 triduum
1133 1014 1442 1066 supplicationes
1475 1014 1641 1061 habitas,

201 1071 308 1123 quod
330 1071 431 1110 bene
453 1083 497 1110 ac
518 1071 704 1118 feliciter,
735 1083 816 1109 non
848 1072 954 1122 quod
984 1071 1084 1110 male
1106 1083 1151 1109 ac
1172 1077 1321 1110 temere
1349 1083 1413 1110 res
1442 1070 1600 1122 publica
1621 1083 1642 1109 a

200 1128 244 1167 L.
267 1128 386 1167 Furio
417 1134 601 1179 praetore
632 1133 739 1178 gesta
770 1134 884 1167 esset.
926 1128 1013 1166 data
1043 1128 1122 1166 fato
1153 1127 1271 1167 etiam
1301 1128 1472 1179 quodam
1498 1127 1643 1167 Furiae

133 1186 184 1222 49
200 1185 310 1236 genti
331 1184 475 1224 Gallica
496 1184 610 1223 bella.
651 1184 768 1223 huius
789 1184 948 1235 generis
976 1184 1223 1224 orationibus
1251 1185 1374 1237 ipsius
1401 1184 1646 1224 amicorum-—

148 1304 168 1335 2

202 1254 278 1293 que
300 1242 398 1280 victa
422 1248 480 1281 est
501 1241 720 1292 praesentis
752 1242 873 1292 gratia
900 1241 1108 1293 praetoris,
1131 1241 1306 1281 absentis
1326 1241 1502 1281 consulis
1521 1241 1643 1280 maie-

199 1306 289 1346 stas,
312 1299 637 1349 triumphumque
658 1300 888 1349 srequentes
908 1299 952 1337 L.
975 1298 1095 1338 Furio
1117 1298 1388 1338 decreverunt.
1423 1298 1643 1350 triumpha-

199 1357 254 1394 vit
275 1356 322 1394 de
345 1355 463 1394 Gallis
484 1355 524 1393 in
547 1355 775 1405 magistratu
796 1355 839 1394 L.
861 1355 1004 1395 Furius
1025 1362 1185 1407 praetor
1206 1362 1245 1394 et
1273 1356 1315 1394 in
1337 1355 1534 1394 aerarium
1553 1355 1641 1395 tulit

203 1419 378 1451 trecenta
406 1411 543 1463 viginti
571 1411 673 1450 milia
705 1412 826 1459 aeris,
863 1412 1016 1463 argenti
1052 1418 1214 1452 centum
1247 1413 1354 1452 milia
1388 1412 1642 1463 quingentos.

250 1491 280 1524 8.
304 1491 400 1530 nam]
426 1489 484 1522 der
509 1489 623 1522 Grund
648 1500 688 1522 zu
715 1489 792 1522 dem
810 1499 887 1522 vor-

203 1536 263 1569 her
296 1545 359 1567 nur
396 1534 646 1576 angedeuteten
680 1534 884 1568 Gedanken:

204 1581 263 1614 der
284 1580 403 1613 Prator
427 1580 514 1613 habe
539 1580 632 1613 nicht
657 1580 779 1613 anders
804 1580 886 1613 han-

204 1626 284 1660 deln
301 1626 449 1659 konnen.
468 1644 511 1648 —
526 1626 699 1668 peccasse]
718 1636 743 1658 s.
764 1627 816 1667 28,
830 1628 885 1666 40,

204 1675 235 1705 5.
260 1691 306 1695 —
327 1673 422 1704 sicut
442 1682 514 1703 non
528 1696 535 1703 .
553 1673 573 1711 .]
598 1671 725 1704 ebenso
743 1671 810 1704 wie
829 1671 887 1704 der

205 1717 310 1751 Senat
326 1716 487 1750 besohlen
505 1716 599 1749 hatte
618 1718 656 1754 (s.
680 1719 730 1757 11,
749 1719 792 1757 3),
811 1717 886 1749 dass

205 1763 320 1796 nicht.
338 1787 365 1803 .,
379 1762 507 1795 ebenso
525 1764 605 1802 (ita)
624 1762 710 1795 habe
729 1772 764 1795 er
781 1762 886 1795 durch

205 1809 304 1842 einen
347 1807 646 1841 Senatsbeschluss
695 1807 887 1840 feststellen

204 1854 358 1894 konnen,
391 1852 524 1891 dass..;
557 1853 646 1886 ohne
678 1852 887 1886 Parenthese

205 1899 323 1933 wfirde
354 1909 391 1931 es
422 1898 572 1931 heissen:
598 1909 764 1940 peccasse
787 1909 886 1931 sena·

206 1949 298 1987 tum,
331 1946 413 1986 qui.
436 1969 444 1977 .
466 1944 604 1976 dederit
636 1955 717 1986 nec,
749 1947 843 1976 sicut
857 1970 864 1978 .
879 1970 886 1977 .

203 1990 376 2028 voluerit,
408 1991 461 2021 ita
476 2015 483 2021 .
498 2013 506 2021 .
519 1989 668 2028 finierit.
699 2008 744 2013 -
767 1989 887 2029 finire]

204 2035 259 2067 die
274 2034 402 2068 Grenze
420 2034 623 2074 seststellen,
639 2030 887 2072 ‘bestimmen';

206 2091 231 2113 s.
255 2082 307 2120 10,
335 2081 384 2115 13.
415 2081 470 2116 14;
494 2079 561 2112 Cic.
580 2079 623 2112 ad
640 2080 719 2113 fam.
740 2082 792 2120 15,
811 2082 841 2120 9,
857 2081 888 2112 2.

202 2144 249 2150 —
274 2124 469 2164 consulto]*

252 2173 283 2205 9.
308 2168 394 2213 ipse]
421 2170 465 2202 ist
482 2170 545 2202 mit
562 2169 766 2202 Nachdruck
784 2169 889 2202 durch

205 2216 260 2250 die
293 2215 547 2257 Einschiebung
583 2215 642 2248 des
680 2214 889 2248 hinderuden

206 2261 360 2295 Grundes
384 2271 451 2293 von
477 2263 539 2302 qui
562 2264 731 2303 getrennt.

255 2310 305 2341 10.
330 2317 403 2339 non
428 2309 636 2348 expectare.
652 2306 672 2347 .]
699 2305 753 2339 ein
778 2305 889 2338 mehr-

205 2353 282 2386 sach
313 2351 626 2394 ausgesprochener
656 2350 832 2390 Gedanke;
860 2361 886 2384 s.

205 2401 260 2441 44,
287 2400 319 2440 8,
344 2400 381 2436 3;
408 2396 519 2430 Thuk.
541 2400 569 2439 1,
594 2398 654 2437 423
679 2396 773 2430 Dein.
800 2396 886 2430 Phil.

209 2446 238 2486 1,
265 2445 306 2476 37
332 2453 366 2476 u.
391 2453 420 2476 a.

255 2490 306 2521 11.
342 2499 501 2530 pugnam
539 2489 664 2530 ipsam]
703 2487 796 2520 nicht
832 2486 887 2519 die

206 2532 457 2574 Verhfiltnisse,
490 2538 589 2566 unter
623 2533 731 2565 denen
763 2532 812 2565 sie
839 2542 889 2565 er-

206 2577 296 2622 folgt
327 2578 386 2612 sei.
418 2597 462 2602 —-
493 2577 594 2618 fusos
627 2579 826 2620 caesosque]
859 2587 888 2612 s.

955 1491 1055 1531 26,1,
1071 1491 1109 1528 9;
1131 1491 1184 1530 35,
1202 1491 1230 1530 1,
1253 1492 1282 1523 8.
1305 1508 1349 1513 —
1372 1490 1640 1532 restitutosque]

957 1545 982 1568 S·
1005 1537 1064 1613 12·le
1079 1536 1373 1623 sigfplicationes]
1393 1590 1419 1614 s.
1445 1582 1476 1620 8,
1496 1581 1550 1622 33,
1575 1582 1639 1619 20;

955 1635 1015 1658 zur
1040 1625 1148 1658 Sache
1171 1635 1198 1659 S.
1225 1627 1278 1666 26,
1304 1627 1358 1666 21,
1384 1627 1420 1665 3;
1447 1626 1501 1667 33,
1527 1627 1581 1666 22,
1608 1629 1642 1659 5.

955 1690 1000 1695 —
1021 1670 1098 1709 fato
1120 1673 1226 1703 etiam
1246 1671 1412 1713 quodam]
1432 1681 1458 1703 s.
1481 1674 1512 1711 5,
1533 1672 1587 1711 49,
1602 1674 1643 1709 6;

957 1718 988 1756 7,
1014 1718 1068 1755 25,
1098 1718 1156 1754 11;
1188 1717 1222 1749 in
1254 1715 1370 1759 Bezug
1395 1715 1456 1749 auf
1477 1715 1641 1749 Camillus

928 1792 931 1794 .
958 1761 1026 1794 und
1051 1761 1174 1795 dessen
1200 1761 1293 1794 Sohn
1324 1761 1393 1804 vgl.
1419 1760 1528 1794 Tacit.
1553 1763 1640 1794 Ann.

958 1809 989 1848 2,
1014 1809 1078 1840 52:
1112 1810 1196 1849 post
1229 1808 1333 1840 illum
1364 1808 1641 1849 reciperatorem

957 1853 1057 1884 urbis
1075 1852 1262 1895 filiumque
1281 1854 1358 1884 eius
1377 1852 1566 1885 Camillum
1578 1863 1643 1894 pe·

957 1908 1018 1930 nes
1039 1899 1133 1930 alias
1150 1897 1311 1937 familias
1331 1897 1405 1936 (der
1424 1907 1508 1940 gens
1526 1896 1642 1938 Furia)

959 1945 1193 1985 imperatoria
1217 1944 1296 1975 laus
1317 1942 1451 1981 fuerat.

1003 1987 1067 2023 49.
1097 1992 1123 2022 1.
1157 1988 1282 2030 ipsius]
1314 1988 1365 2021 als
1398 1987 1643 2021 Vorsitzender

959 2035 999 2074 (s.
1024 2035 1080 2074 47,
1106 2035 1140 2074 6)
1170 2033 1246 2066 dars
1276 2043 1313 2066 er
1335 2033 1430 2066 wohl
1455 2033 1549 2066 seine
1572 2035 1640 2066 An-

959 2078 1047 2111 sicht
1078 2079 1326 2122 aussprechen,
1360 2079 1441 2111 aber
1465 2078 1558 2111 nicht
1583 2078 1642 2111 ab·

958 2124 1134 2161 stimmen;
1161 2135 1187 2158 s.
1215 2126 1245 2165 8,
1269 2126 1320 2166 13,
1346 2126 1376 2158 8.
1402 2143 1446 2149 -
1471 2125 1565 2156 victa
1589 2126 1640 2156 est

958 2194 966 2201 .
982 2194 989 2201 .
1004 2171 1181 2210 maiestas]
1202 2170 1306 2203 durch
1327 2169 1381 2202 die
1393 2169 1643 2202 Auseinander-

958 2214 1109 2257 stellung
1133 2215 1208 2248 sind
1234 2215 1289 2249 die
1307 2213 1454 2257 Begriffe
1472 2214 1640 2257 gehoben.

956 2278 1001 2284 -—
1014 2259 1228 2302 frequentes]
1242 2260 1315 2293 also
1328 2260 1374 2293 ist
1386 2261 1441 2300 48,
1463 2263 1472 2292 Ι
1486 2273 1493 2292 :
1508 2269 1642 2302 magna

951 2315 1041 2347 pars
1065 2306 1159 2338 nicht
1184 2317 1226 2338 zu
1251 2306 1420 2348 urgieren,
1447 2304 1528 2337 oder
1545 2305 1640 2338 meh-

956 2359 1028 2383 rere
1055 2350 1165 2384 haben
1198 2351 1271 2384 ihre
1295 2350 1441 2383 Ansicht
1465 2349 1641 2391 geandert.

956 2414 1001 2419 —
1034 2397 1072 2427 in
1103 2398 1334 2439 magistratu]
1367 2395 1436 2438 vgl.
1463 2396 1494 2435 8,
1520 2396 1574 2437 26,
1600 2398 1618 2428 7
1631 2409 1642 2434 ;

961 2443 1011 2481 10,
1035 2442 1091 2482 46,
1117 2443 1154 2480 2;
1189 2443 1243 2481 33,
1270 2443 1324 2482 23,
1349 2443 1381 2475 4.
1407 2442 1461 2481 37,
1490 2443 1552 2478 1ος
1583 2443 1640 2482 41,

960 2487 1012 2527 13,
1037 2488 1078 2526 6;
1111 2486 1243 2520 kommt
1276 2487 1310 2519 in
1335 2486 1446 2519 dieser
1470 2485 1563 2528 Zeit,
1595 2485 1639 2519 da

957 2530 1017 2564 das
1030 2531 1211 2573 Imperium
1224 2542 1263 2565 so
1275 2532 1326 2565 ost
1338 2531 1529 2575 prorogiert
1542 2530 1641 2571 wird,

957 2576 1066 2610 selten
1076 2587 1146 2610 vor.
1161 2597 1204 2602 —
1218 2578 1379 2618 aeris1=
1391 2577 1639 2619 aerisgravin
