1747 2828
211 75 289 114 160

668 72 794 106 LIBER
818 73 975 106 xxxffll.
1025 72 1118 106 GAP.
1144 75 1197 107 46.

1449 91 1472 110 a.
1492 91 1520 110 u.
1541 90 1563 109 c.
1584 83 1645 111 560.

159 200 178 231 3
209 183 427 242 dringenta.
478 187 668 228 militibus
697 200 743 227 ex
765 188 907 240 praeda
937 188 1064 227 divisit
1085 188 1126 227 in
1159 187 1339 240 singulos
1359 188 1535 228 ducenos
1555 200 1645 241 sep-

159 314 177 345 4

146 1391 182 1423 11

147 1448 183 1480 12

211 256 401 300 tuagenos
423 246 538 293 aeris,
561 245 699 297 triplex
722 245 856 297 equiti.

321 304 379 343 Ti.
404 302 663 354 Sempronius
685 302 824 342 consul
847 302 887 340 in
910 302 1149 354 provinciam
1174 301 1374 354 profectus
1395 302 1433 341 in
1457 301 1645 341 Boiorum

212 362 380 415 primum
401 370 538 411 agrum
559 358 736 410 legiones
758 359 878 398 duxit.
920 358 1077 398 Boiorix
1099 364 1182 398 tum
1213 358 1374 410 regulus
1397 370 1533 398 eorum
1555 370 1645 398 cum

209 419 362 458 duobus
384 416 569 455 fratribus
592 422 670 455 tota
693 422 811 467 gente
833 416 1027 455 concitata
1048 416 1094 455 ad
1115 415 1388 455 rebellandum
1405 423 1529 455 castra
1550 415 1648 455 locis

211 475 354 528 apertis
376 473 518 526 posuit,
544 478 587 512 ut
609 479 816 525 appareret
837 472 1103 521 dimicaturos,
1140 472 1172 511 si
1194 473 1319 512 hostis
1340 472 1428 512 finis
1449 472 1647 512 intrasset.

159 541 177 572 5
209 531 346 572 consul
364 530 444 577 ubi,
467 536 635 582 quantae
652 530 801 582 copiae,
824 536 967 582 quanta
986 530 1125 569 fiducia
1142 536 1242 569 esset
1260 530 1376 578 hosti,
1393 529 1528 577 sensit,
1545 541 1647 569 nun·

211 590 306 628 tium
329 588 374 627 ad
398 587 588 639 collegam
610 587 743 632 mittit,
764 594 818 634 ut,
849 587 881 626 si
904 587 1099 626 videretur
1121 587 1168 634 ei,
1191 592 1403 627 maturaret
1423 586 1577 626 venire:
1609 598 1650 625 se

161 654 180 685 6
209 644 498 697 tergiversando
530 644 570 683 in
602 645 811 684 adventum
842 644 925 683 eius
954 656 1037 683 rem
1074 650 1353 684 extracturum.
1405 656 1504 696 quae
1534 655 1649 683 causa

210 702 363 742 consuli
386 701 612 748 cunctandi,
636 701 768 741 eadem
788 700 920 749 Gallis,
942 707 1215 753 praeterquam
1235 701 1340 753 quod
1362 700 1560 741 cunctatio
1578 701 1651 740 ho-

212 761 329 800 stium
350 759 503 798 animos
527 758 702 805 faciebat,
733 758 789 797 rei
812 758 1063 797 maturandae
1086 765 1178 806 erat,
1208 765 1268 805 ut,
1302 758 1531 810 priusquam
1553 769 1650 797 con-

160 825 178 855 7
210 818 470 868 iungerentur
494 815 703 854 consulum
726 815 875 867 copiae,
897 827 979 854 rem
1002 815 1274 866 transigerent.
1318 827 1388 867 per
1410 814 1573 854 biduum
1594 821 1652 854 ta·

211 886 300 913 men
332 872 430 912 nihil
459 871 561 911 aliud
596 884 711 924 quam
742 878 936 911 steterunt
965 872 1086 924 parati
1115 872 1162 910 ad
1192 872 1471 924 pugnandum,
1501 872 1532 911 si
1564 872 1653 923 quis

213 938 350 970 contra
373 929 646 980 egrederetur;
681 930 795 969 tertio
818 929 974 968 subiere
994 929 1040 967 ad
1063 928 1205 968 vallum
1237 934 1444 981 castraque
1466 928 1582 968 simul
1604 928 1651 968 ab

160 994 179 1027 8
212 988 319 1027 omni
340 993 450 1039 parte
473 986 645 1037 adgressi
666 993 771 1026 sunt.
824 986 964 1026 consul
991 998 1096 1026 arma
1120 985 1316 1038 extemplo
1347 998 1488 1038 capere
1509 985 1653 1025 milites

212 1045 341 1092 iussit3
376 1048 545 1083 armatos
568 1043 657 1082 inde
680 1043 881 1095 paulisper
903 1043 1112 1091 continuit,
1144 1048 1188 1082 ut
1209 1048 1246 1082 et
1267 1042 1449 1082 stolidam
1470 1042 1652 1082 fiduciam

214 1101 315 1141 hosti
336 1107 497 1152 augeret
519 1107 556 1139 et
577 1100 804 1152 disponeret
825 1100 979 1153 copias,
1010 1099 1155 1152 quibus
1177 1112 1356 1153 quaeque
1377 1100 1503 1152 portis
1524 1111 1654 1139 erum-

161 1165 180 1197 9
212 1165 362 1212 perent.
413 1157 513 1196 duae
543 1157 718 1208 legiones
740 1157 890 1197 duabus
922 1156 1208 1209 principalibus
1229 1156 1354 1209 portis
1381 1157 1492 1208 signa
1514 1156 1655 1196 efferre

143 1222 179 1254 10
211 1217 350 1255 iussae.
393 1214 459 1253 sed
482 1214 521 1252 in
546 1214 631 1266 ipso
650 1214 754 1254 exitu
776 1215 827 1254 ita
843 1214 1009 1254 conferti
1032 1214 1219 1254 obstitere
1237 1213 1349 1261 Galli,
1371 1213 1656 1253 utclauderent

214 1274 323 1312 viam.
357 1272 421 1311 diu
441 1271 480 1310 in
499 1271 689 1322 augustiis
707 1278 926 1324 pugnatum
943 1278 1022 1319 est;
1048 1283 1121 1311 nec
1138 1271 1283 1311 dextris
1300 1271 1424 1322 magis
1439 1270 1657 1322 gladiisque

215 1328 423 1381 gerebatur
446 1340 528 1374 reS,
560 1340 675 1380 quam
699 1329 820 1368 scutis
842 1328 1156 1381 corporibusque
1177 1328 1274 1380 ipsis
1296 1327 1430 1367 obnixi
1451 1327 1657 1379 urgebant,

213 1386 393 1433 Romani,
416 1391 458 1424 ut
479 1384 590 1436 signa
614 1386 716 1424 foras
733 1386 931 1434 efferrent,
955 1385 1068 1433 Galli,
1091 1391 1135 1424 ut
1151 1391 1218 1425 aut
1235 1385 1275 1424 in
1295 1391 1421 1425 castra
1442 1385 1518 1437 ipsi
1534 1397 1657 1437 pene-

212 1449 362 1483 trarent
383 1448 449 1482 aut
471 1442 577 1480 exire
600 1441 799 1481 Romanos
821 1442 1091 1495 prohiberent.
1130 1455 1203 1481 nec
1224 1447 1314 1481 ante
1336 1441 1375 1481 in
1398 1442 1500 1482 hanc
1521 1447 1589 1481 aut
1610 1441 1658 1480 il-

214 1501 290 1539 lam
311 1506 461 1552 partem
483 1499 630 1537 moveri
653 1499 755 1538 acies
778 1505 1008 1551 potuerunt,
1032 1511 1146 1551 quam
1170 1498 1214 1544 Q.
1233 1498 1428 1538 Victorius
1450 1499 1566 1551 primi
1587 1497 1657 1551 pili

214 1556 392 1596 centurio
412 1562 449 1595 et
467 1555 508 1594 C.
527 1555 682 1595 Atinius
698 1556 881 1596 tribunus
896 1556 1078 1604 militum,
1101 1562 1262 1607 quartae
1278 1555 1355 1603 hic,
1379 1555 1443 1594 ille
1461 1555 1657 1595 secundae

212 1637 447 1677 septuagenos
460 1632 568 1676 aeris]
583 1636 691 1666 etwas
705 1634 800 1666 mehr
813 1633 899 1667 nach

214 1679 304 1712 Plut.
336 1681 385 1719 16,
411 1680 450 1712 3:
476 1680 530 1710 ἔτι
556 1680 615 1710 καὶ
641 1677 771 1723 λίτραν
795 1675 898 1725 ἄργυ-

213 1727 290 1769 (nov
315 1720 399 1756 κατ’
416 1720 533 1768 ἄνδρα
554 1721 829 1768 πρρσὸιένειμεν
855 1725 900 1757 εἰ·

212 1768 307 1810 πών,
331 1766 380 1802 ὠς
403 1771 570 1811 κρεῖττον
594 1769 639 1810 ἠν
654 1767 898 1803 πολλοὺςῬω-

210 1819 333 1858 μαίων
358 1811 533 1861 ἀργύριον
551 1811 572 1857 ἢ
590 1818 739 1860 χρυσίον
761 1812 901 1862 ὀλίγους

212 1864 360 1902 ἔχοντας
385 1857 624 1901 ἐπανελθεῖν,
656 1861 730 1894 also
770 1864 812 1895 84
838 1861 900 1895 De-

213 1917 312 1947 nare,
345 1908 410 1940 336
446 1905 601 1939 Sesterze
633 1906 716 1939 oder
746 1907 900 1941 schwere

213 1953 275 1990 As;
302 1951 356 1984 die
383 1951 520 1984 Summe
546 1952 590 1984 ist
621 1952 740 1985 nachst
766 1955 820 1993 30,
846 1955 901 1994 45,

214 2000 234 2030 4
260 1997 327 2030 und
358 1999 410 2035 39,
438 1999 468 2036 7,
495 1998 514 2029 2
549 1997 603 2030 die
636 1997 900 2037 bedentendste;

213 2042 283 2085 vgl.
303 2044 356 2083 52,
390 2044 447 2081 11;
475 2044 528 2083 33,
555 2044 609 2085 23,
636 2046 672 2082 7;
700 2045 753 2085 36,
771 2046 826 2085 40,
850 2046 901 2078 13.

213 2107 258 2111 -
284 2088 417 2130 tripleoe
450 2089 577 2129 equiti]
616 2089 899 2123 wahrscheinlich

214 2134 258 2167 ist
291 2133 396 2166 davor
428 2134 563 2175 duplex
595 2137 800 2167 centul-loni
825 2145 901 2168 aus-

214 2178 378 2221 gesallem
405 2189 430 2211 s.
459 2180 511 2219 52,
540 2182 598 2217 11;
625 2181 679 2221 33,
705 2182 758 2222 23,
783 2184 819 2218 73
846 2183 900 2222 36,

213 2226 344 2265 40,13;
373 2226 426 2265 37,
442 2226 494 2265 59,
510 2226 549 2262 6;
578 2226 631 2267 39,
645 2228 751 2264 5,17;
778 2228 900 2267 4o‚43‚

215 2272 232 2301 7
260 2280 292 2302 u.
318 2280 363 2308 a.;
389 2269 458 2312 vgl.
480 2270 608 2311 jedoch
635 2272 688 2310 39,
704 2273 734 2311 7,
750 2273 784 2309 2;
813 2272 901 2305 ohne

215 2314 433 2358 Erwahnung
467 2315 578 2349 dieser
610 2316 731 2349 beiden
758 2316 901 2350 Klassen

217 2361 391 2400 2S,9,17;
418 2362 471 2400 30,
491 2364 546 2401 45,
562 2363 596 2400 3;
625 2363 748 2404 31,20,
764 2365 794 2395 7.

260 2408 292 2438 4.
317 2406 476 2448 regulus]
496 2417 522 2441 s.
542 2409 596 2447 21,
616 2409 669 2449 29,
689 2410 718 2441 6.
745 2427 789 2431 -—
814 2410 901 2448 tum]

216 2450 247 2482 in
264 2450 378 2494 Bezug
396 2451 490 2494 aus§
512 2455 542 2491 13
563 2452 617 2485 die
635 2452 710 2486 dort
728 2453 903 2486 erwahnte

216 2495 417 2539 Niederlage
450 2507 521 2530 war
554 2498 626 2531 also
659 2499 748 2532 ohne
774 2498 902 2541 Erfolg.

215 2559 259 2563 -—
285 2541 453 2583 apertis?

1016 1638 1047 1668 5.
1074 1634 1205 1677 ltostiJ*
1223 1653 1266 1657 —
1285 1634 1468 1675 collegam]
1494 1632 1552 1667 der
1570 1633 1658 1666 noch

970 1679 1004 1712 in
1030 1679 1116 1712 Rom
1142 1689 1223 1712 war.
1248 1699 1293 1702 —
1317 1681 1349 1711 si
1366 1678 1547 1711 vider-etm-
1565 1680 1609 1719 ei]
1632 1689 1660 1712 s.

971 1726 1025 1766 26,
1054 1728 1106 1768 16,
1131 1727 1162 1759 4.

1017 1784 1047 1815 7.
1073 1781 1167 1814 nihil
1190 1782 1293 1814 aliud
1317 1781 1435 1824 quam]
1462 1790 1489 1814 S.
1502 1791 1545 1814 zu
1559 1781 1613 1821 23,
1628 1782 1659 1821 3,

973 1830 1024 1862 13.
1050 1847 1094 1851 —
1118 1827 1390 1870 pngnandum]*

1020 1886 1050 1919 8.
1076 1884 1290 1927 disponeret]
1313 1884 1491 1927 prfignant,
1516 1900 1562 1912 =
1587 1892 1661 1916 ver-

972 1930 1070 1964 teilte
1084 1929 1152 1963 und
1170 1929 1378 1970 bestimmte,
1403 1939 1447 1962 an
1461 1928 1616 1962 welchen
1627 1953 1636 1961 .
1649 1953 1657 1962 .

971 1995 1016 2000 -—
1041 1977 1213 2018 quaeque]
1239 1985 1265 2008 s.
1280 1978 1312 2017 4,
1327 1976 1381 2015 40,
1397 1976 1430 2012 3;
1460 1975 1516 2016 39,
1530 1976 1583 2015 31,
1601 1975 1661 2013 12;

972 2032 1013 2055 zu
1040 2023 1072 2062 3,
1086 2022 1140 2063 69,
1155 2023 1185 2055 8.

1018 2080 1050 2112 9.
1073 2077 1333 2121 principalibus
1351 2077 1483 2119 portis]
1509 2086 1535 2109 s.
1553 2078 1587 2118 4,
1608 2077 1660 2117 19,

973 2126 1009 2163 8;
1045 2123 1100 2157 die
1126 2123 1249 2157 beiden
1275 2123 1349 2156 alae
1375 2122 1545 2155 sociorum
1570 2125 1662 2154 stan·

972 2169 1037 2203 den
1076 2169 1148 2202 also
1186 2179 1228 2202 an
1265 2167 1324 2201 der
1360 2171 1460 2210 porta
1490 2167 1661 2210 praetoria

972 2215 1040 2248 und
1067 2214 1274 2253 decumana3
1310 2223 1336 2246 s.
1361 2215 1417 2255 47,
1447 2216 1478 2251 1;
1506 2214 1536 2251 3,
1563 2215 1596 2253 5,
1622 2215 1660 2251 5;

975 2263 1029 2301 10,
1054 2262 1108 2301 33,
1137 2263 1166 2295 1.
1203 2278 1246 2284 -
1278 2261 1383 2301 signa
1417 2258 1557 2299 efferre]
1589 2254 1663 2291 ‘an-

974 2301 1133 2349 greifen';
1167 2305 1212 2338 ist
1243 2304 1429 2347 eigentlich
1464 2303 1573 2337 Sache
1603 2303 1663 2336 der

974 2351 1137 2394 signiferi,
1163 2351 1236 2384 hier
1260 2360 1330 2383 von
1355 2349 1421 2383 den
1446 2359 1577 2392 gauzen
1602 2348 1663 2381 Le-

974 2398 1100 2440 gionen
1125 2399 1264 2440 gesagt:
1291 2395 1360 2438 vgl.
1386 2397 1406 2437 ξ
1434 2397 1486 2428 11.

1024 2444 1075 2476 10.
1100 2452 1164 2474 nec
1189 2441 1328 2474 deoetm's
1341 2466 1348 2474 .
1365 2441 1387 2483 .]
1407 2440 1476 2484 vgl.
1491 2442 1522 2482 9,
1536 2442 1594 2484 41,
1609 2442 1661 2474 18.

1024 2500 1076 2532 12.
1102 2502 1167 2531 aut
1189 2497 1289 2530 illam
1306 2524 1311 2530 .
1327 2500 1347 2538 .]
1373 2497 1442 2540 vgl.
1469 2499 1523 2537 31,
1548 2498 1601 2537 32,
1623 2499 1659 2535 1;

976 2546 1030 2585 32,
1049 2545 1103 2585 20,
1121 2547 1151 2578 5.
1178 2563 1222 2568 —
1249 2544 1406 2583 Atinius]
1432 2553 1458 2577 s.
1479 2544 1532 2583 33,
1551 2543 1608 2584 43,
1628 2544 1659 2575 5.
