1795 2844
534 69 661 103 LIBER
685 69 844 102 xxxllll.
892 68 985 102 CAP.
1013 70 1066 102 60.
1093 69 1147 102 61.
1478 62 1560 103 179

104 89 130 110 a.
151 82 220 108 Chr.
241 89 270 108 n.
289 80 347 107 193.

103 187 161 226 ire
192 187 231 226 in
263 185 465 238 Europam
498 186 641 225 debere
665 194 702 225 et
732 187 772 225 in
795 185 924 236 aliqua
954 193 1063 237 parte
1086 183 1272 223 Graeciae
1304 184 1438 235 copias
1460 196 1557 223 con-

104 245 231 284 tinere
249 255 379 295 neque
396 244 640 283 traicientem
660 251 710 290 et,
734 243 839 295 quod
857 243 896 281 in
920 243 1093 294 speciem
1111 242 1332 293 famamque
1353 240 1447 279 belli
1468 241 1561 281 satis

103 302 166 347 sit,
189 308 368 354 paratum
390 301 568 340 traicere.
612 302 651 340 in
676 302 777 340 hanc
799 300 1040 339 sententiam
1058 312 1147 339 cum
1172 299 1395 338 adduxisset
1410 310 1558 349 regem,
1584 303 1629 339 61

101 358 396 412 praeparandos
417 357 491 397 sihi
512 359 559 398 ad
581 358 618 397 id
643 357 897 410 popularium
920 358 1073 396 animos
1094 363 1202 396 ratus
1224 356 1386 403 litteras,
1409 368 1458 394 ne
1480 369 1558 408 quo

102 428 195 456 casu
229 417 471 468 interceptae
494 415 620 468 palam
644 416 819 455 facerent
841 423 979 454 conata
994 445 1003 458 ,
1037 414 1211 453 scribere
1234 426 1314 452 non
1338 421 1395 454 est
1417 426 1558 461 ausus;

102 474 327 513 Aristonem
360 474 556 525 quendam
582 473 744 525 Tyrium
768 479 937 512 nanctus
960 472 1109 524 Ephesi
1133 479 1399 524 expertusque
1421 471 1560 511 soller-
1591 479 1610 511 2

102 531 196 571 tiam
216 530 429 570 levioribus
451 531 694 578 ministeriis,
718 531 858 582 partim
883 530 1012 576 donis,
1036 529 1177 581 partim
1200 541 1269 580 spe
1292 529 1557 580 praemiorum

101 595 323 634 oneratum,
341 589 486 640 quibus
503 591 620 628 etiam
637 589 723 642 ipse
739 600 808 627 rex
826 588 1028 634 adnuerat,
1047 586 1325 638 Carthaginem
1338 599 1426 626 cuni
1446 598 1557 626 man·

99 646 201 686 datis
216 644 348 685 mittit.
392 646 468 685 edit
489 645 650 685 nomina
667 657 818 693 eorum,
842 644 986 697 quibus
1004 644 1210 684 conventis
1233 656 1334 696 opus
1351 651 1472 692 esset3
1495 644 1557 683 in·
1590 653 1608 684 3

99 703 216 742 struit
238 703 354 742 etiam
377 704 538 742 secretis
560 703 685 749 notis,
711 716 780 755 per
803 715 900 755 quas
922 702 1025 741 haud
1057 702 1174 741 dubie
1203 709 1466 752 agnoscerent
1488 714 1558 741 sua

98 760 279 800 mandata
298 772 395 799 esse.
434 761 541 799 hunc
558 761 784 799 Aristonem
802 760 1037 811 Carthagine
1056 759 1329 798 obversantem
1348 771 1429 798 non
1447 759 1558 811 prius
1589 769 1608 800 4

99 818 213 857 amici
247 829 365 869 quam
393 817 545 857 inimici
574 817 826 865 Hannibalis,
859 830 935 869 qua
962 817 1009 856 de
1039 829 1155 856 causa
1182 816 1374 863 venisset,
1407 829 1556 868 cogno-

98 882 255 915 verunt.
297 882 333 913 et
364 875 494 927 primo
525 876 564 915 in
598 875 758 915 circulis
781 875 970 915 conviviis
1002 874 1196 913 celebrata
1218 874 1471 913 sermonibus
1493 887 1556 914 res
1587 883 1606 914 5

99 940 179 980 est;
201 933 345 971 deinde
367 933 407 971 in
430 940 572 972 senatu
595 933 755 985 quidam
777 932 877 972 nihil
898 940 1028 972 aetum
1053 944 1138 971 esse
1161 931 1291 970 dicere
1315 931 1428 970 exilio
1447 931 1555 970 Han·
1588 940 1606 972 6

99 990 254 1037 nibalis,
286 991 317 1028 si
341 989 483 1029 absens
507 1003 668 1042 quoque
690 1003 810 1030 novas
831 990 962 1029 moliri
984 1002 1047 1028 res
1070 996 1107 1028 et
1129 988 1379 1028 sollicitando
1402 990 1556 1029 animos

98 1049 306 1087 hominum
338 1047 500 1087 turbare
531 1055 675 1087 statum
709 1048 874 1087 civitatis
897 1053 1050 1099 posset3
1085 1046 1311 1085 Aristonem
1343 1049 1556 1098 quendam,
1589 1057 1607 1087 7

96 1105 260 1157 Tyrium
282 1104 485 1152 advenam,
508 1105 747 1144 instructum
769 1105 963 1144 mandatis
985 1104 1032 1143 ab
1055 1103 1276 1143 Hannibale
1299 1110 1336 1143 et
1358 1116 1449 1155 rege
1473 1107 1555 1143 An-

99 1164 232 1202 tiocho
264 1162 440 1210 venisse;
474 1170 602 1202 certos
624 1163 805 1202 homines
837 1162 980 1202 cotidie
1003 1174 1092 1200 cum
1117 1174 1163 1200 eo
1187 1168 1335 1200 secreta
1358 1161 1556 1213 colloquia

98 1222 252 1268 serere3
284 1219 324 1258 in
348 1220 505 1259 occulto
529 1221 656 1272 coqui,
688 1221 793 1273 quod
816 1232 905 1259 mox
930 1220 969 1258 in
993 1219 1170 1258 omnium
1194 1220 1412 1270 perniciem
1436 1232 1555 1271 erup-

95 1286 229 1318 turum
264 1285 380 1316 esset.
433 1278 680 1317 conclamare
719 1291 858 1317 omnes
892 1277 1021 1316 vocari
1054 1277 1279 1315 Aristonem
1315 1277 1480 1324 debere,
1518 1283 1556 1316 et
1587 1285 1605 1318 8

97 1336 248 1388 quaeri,
284 1334 378 1386 quid
409 1335 591 1382 venisset,
626 1342 677 1381 et,
711 1336 785 1375 nisi
820 1341 1082 1387 expromeret,
1112 1347 1201 1373 cum
1230 1333 1368 1385 legatis
1392 1334 1556 1374 Romam

96 1392 226 1440 mitti;
260 1393 353 1431 satis
374 1404 448 1444 pro
480 1393 699 1432 temeritate
723 1393 841 1432 unius
863 1392 1036 1431 hominis
1065 1391 1353 1444 suppliciorum
1386 1405 1555 1444 pensum

99 1461 206 1497 esse3
230 1449 404 1502 privatos
425 1461 497 1488 suo
520 1450 699 1502 periculo
724 1457 981 1502 peccatur0s;
1015 1461 1097 1488 rem
1121 1448 1321 1501 publicam
1344 1462 1424 1488 non
1448 1457 1555 1489 extra
1587 1459 1605 1491 9

94 1550 227 1573 στασιν
252 1539 399 1592 ἐγεῖραι,
426 1535 683 1592 δυσφοοοῧντα
700 1541 791 1572 τέως
908 1542 941 1572 5.
967 1539 1126 1579 circulis]
1152 1549 1180 1572 S.
1207 1541 1261 1577 37.
1294 1541 1322 1577 l;
1350 1549 1392 1571 zu
1418 1541 1472 1577 44,
1499 1541 1554 1581 20,

92 1581 155 1630 ἐφ)
184 1584 314 1618 ἑαυτοῦ
341 1587 402 1617 καὶ
427 1583 518 1628 πρὸς
533 1582 729 1619 Ῥωιιαίςου
753 1581 791 1618 c}-
863 1587 899 1624 ὃς
929 1595 972 1618 an
998 1596 1031 1618 u.
1057 1584 1107 1619 St.
1141 1585 1187 1618 ist
1212 1584 1272 1618 das
1298 1585 1555 1628 zweigliedrige

93 1634 235 1665 πίστως
259 1631 418 1672 ἔχοντα.
860 1629 1065 1675 Asyndeton
1099 1641 1139 1663 zu
1174 1631 1362 1668 beachten;
1401 1631 1471 1674 vgl.
1511 1642 1554 1664 zu

140 1679 171 1711 6.
200 1677 384 1717 Gr'aemae]
405 1677 474 1720 vgl.
492 1677 619 1710 lustin:
647 1678 788 1709 inAsm
862 1678 916 1719 33,
944 1678 999 1719 38,
1028 1678 1078 1710 12.
1104 1696 1149 1700 —
1176 1676 1385 1719 eonz·z'z·iz‘s]*

92 1725 173 1766 regi
197 1723 345 1756 sedenti.

138 1768 197 1804 61.
227 1771 255 1802 1.
281 1770 425 1809 conata]
453 1778 479 1802 s.
507 1770 561 1809 21,
588 1771 643 1809 50,
669 1771 700 1802 9.

138 1816 170 1848 2.
195 1815 415 1855 Aristonem]
442 1814 501 1848 der
525 1813 718 1857 Gegensatz
744 1814 789 1847 ist

92 1860 199 1894 durch
229 1860 283 1894 die
315 1859 568 1904 Wortstellung
595 1861 788 1904 angezeigt.

91 1926 137 1930 ——-
150 1906 424 1950 expertusque]*
437 1926 482 1931 —
499 1908 643 1949 quibus.
656 1934 662 1940 .
676 1906 789 1939 adnu-

93 1954 185 1993 erat]
210 1962 236 1986 s.
264 1954 318 1992 31,
344 1955 376 1994 5,
402 1954 420 1985 7

139 2001 170 2032 3.
196 2000 346 2031 seeretis
369 1999 478 2039 notis]
508 1997 604 2031 nicht
629 1997 788 2031 Geheim-

93 2043 226 2085 schrift,
251 2043 399 2077 sondern
418 2043 547 2084 Reden,
566 2042 786 2077 Thatsachen

91 2101 125 2125 u.
143 2100 170 2124 s,
186 2100 243 2133 W„
260 2089 326 2132 die,
346 2089 413 2123 wie
427 2089 616 2123 Hannibals
630 2089 786 2123 Freunde

92 2135 261 2175 wussten,
295 2146 358 2169 nur
383 2135 513 2169 diesem
539 2135 692 2168 bekannt
717 2145 788 2169 wa-

90 2192 164 2217 ren.
212 2181 345 2215 Anders
370 2181 505 2225 Nepos:
535 2182 720 2214 Hannibal
744 2207 752 2215 .
778 2206 787 2215 .

92 2227 133 2261 L.
167 2227 330 2260 Cornelio
364 2227 403 2269 Q.
437 2228 598 2261 Minucio
635 2228 789 2260 oonsuli-

93 2275 156 2306 hus
173 2283 254 2306 cum
272 2275 431 2316 quinque
450 2275 603 2307 navibus
619 2273 788 2313 Africam

93 2322 252 2360 accessit,
276 2344 284 2351 .
309 2344 316 2351 .
335 2321 366 2350 sz'
389 2319 486 2359 forte
513 2320 788 2362 Carthaginien-

92 2376 146 2397 ses
178 2365 228 2398 ad
258 2364 388 2397 bellum
414 2391 422 2399 .
449 2390 457 2398 .
479 2368 626 2408 possent
650 2365 786 2399 induci.

139 2412 171 2445 4.
199 2411 465 2444 obversantem.
481 2414 502 2453 .]
528 2421 554 2446 s.
581 2413 636 2453 33,
654 2413 709 2453 47,
727 2413 786 2449 10;

93 2457 179 2490 iiber
211 2455 266 2489 die
292 2455 431 2491 Konstr.
468 2457 528 2491 des
563 2457 682 2491 Satzes
715 2457 786 2499 vgl.

94 2504 150 2544 23,
179 2505 231 2544 10,
258 2503 300 2540 3;
339 2502 406 2536 Cic.
432 2513 466 2546 p.
492 2502 563 2537 Mil.
591 2506 628 2542 ’ῖς
654 2513 686 2546 p.
714 2502 786 2537 Dei.

96 2549 158 2589 303
184 2547 262 2583 Ter.
289 2547 374 2582 Eun.
400 2550 478 2583 610.

907 1725 938 1756 6.
966 1725 1002 1754 in
1035 1725 1174 1763 senatu]
1210 1732 1236 1756 s.
1262 1724 1281 1764 ξ
1311 1725 1367 1761 15;
1403 1723 1471 1765 vgl.
1498 1725 1553 1762 25,

863 1771 892 1808 1,
918 1770 949 1802 9.
976 1788 1019 1792 —
1045 1770 1077 1800 si
1101 1770 1226 1801 absens
1245 1794 1252 1801 .
1278 1770 1299 1809 .]
1325 1769 1394 1811 vgl.
1422 1770 1476 1809 21,
1503 1772 1553 1811 10,

864 1817 922 1848 12:
949 1814 1149 1847 sollicitat-e
1167 1817 1308 1857 quietae
1319 1817 1452 1847 statum
1468 1817 1553 1847 eim*-

861 1862 958 1893 tatis.

907 1909 937 1941 ἵ.
968 1905 1118 1949 Tyrium
1145 1906 1333 1946 advenam]
1369 1917 1396 1939 s.
1427 1908 1481 1943 62,
1513 1909 1552 1945 ὃς

858 1952 1009 1995 Appian:
1035 1953 1199 1997 ἔμπορον
1238 1949 1378 1997 Τύριον.
1404 1972 1448 1976 -
1479 1963 1554 1985 cer·-

860 2000 924 2039 los]
950 2008 976 2031 s.
1003 1998 1020 2040 ξ
1051 2000 1110 2031 11:
1137 1999 1340 2030 Barcinae.
1356 1999 1551 2032 ,immineam

858 2064 901 2068 —
927 2046 965 2076 in
999 2044 1174 2084 occultoP‘
1208 2064 1252 2067 —
1284 2043 1427 2088 coqui*]
1460 2055 1485 2078 s.
1519 2050 1551 2085 3,

858 2092 912 2132 36,
940 2092 980 2123 2;
1008 2090 1161 2122 consilia
1185 2115 1192 2123 .
1208 2115 1216 2122 .
1237 2093 1372 2122 sec-reta
1399 2091 1442 2122 ab
1469 2090 1553 2123 aliis

858 2137 1074 2178 coquebantz
1101 2138 1132 2177 8,
1160 2139 1190 2172 3.
1218 2138 1255 2175 '23
1282 2138 1337 2175 40,
1369 2139 1418 2175 11,
1445 2138 1475 2169 2.

903 2183 934 2216 8.
954 2183 1214 2223 conclamare]*
1231 2201 1274 2205 —
1292 2183 1430 2224 quaere]
1449 2182 1553 2216 naml.

858 2239 903 2260 em
931 2238 981 2261 eo.
1005 2247 1050 2252 —
1076 2229 1164 2270 qnid
1189 2230 1351 2268 venisset]
1377 2238 1402 2260 s.
1423 2230 1476 2262 31.
1495 2230 1552 2268 39,

861 2276 889 2307 1.
905 2294 948 2299 —
961 2275 1049 2306 satis
1063 2299 1070 2306 .
1084 2300 1091 2308 .
1105 2274 1367 2317 suppliciorum
1388 2276 1550 2315 pensum]

860 2320 926 2353 wie
950 2330 1086 2362 poenas
1106 2320 1266 2362 pendere
1291 2324 1423 2362 gesagt.

904 2367 935 2399 9.
956 2367 1136 2408 privatos]
1162 2365 1215 2398 die
1234 2364 1406 2399 Barciner.
1424 2384 1468 2388 —
1483 2375 1549 2397 suo

852 2412 1030 2454 periculo]
1057 2422 1083 2444 s.
1109 2412 1163 2451 32,
1193 2412 1247 2451 21,
1279 2413 1319 2448 1;
1352 2421 1413 2443 zur
1439 2410 1549 2445 Sache

858 2457 928 2500 vgl.
953 2467 995 2490 zu
1022 2458 1123 2497 21,6,
1141 2460 1171 2489 5.
1197 2476 1242 2480 -
1267 2459 1373 2489 eoetra
1399 2459 1546 2498 noaz-am]

860 2503 947 2536 ohne
973 2501 1088 2535 Anteil
1114 2512 1156 2535 an
1182 2502 1241 2535 der
1267 2501 1412 2541 Schuld;
1439 2513 1464 2535 s.
1480 2502 1548 2536 Cic.

859 2549 893 2581 in
910 2548 1004 2582 Verr.
1020 2550 1147 2591 5,134:
1175 2551 1279 2582 Μῖνα
1307 2548 1465 2592 eulpam;
1493 2549 1548 2582 die

1281 2605 1342 2639 12*
