1795 2844
87 90 113 109 a.
134 82 199 110 ctu.
219 89 247 108 n.
269 81 328 108 196.
504 69 631 104 LIBER
656 69 802 104 xxxffl.
852 68 947 103 CAP.
974 70 1028 105 27.
1056 71 1110 105 28.

1491 66 1555 106 49

88 186 312 241 praesentia
341 186 381 226 hi
414 186 519 239 passi
542 193 580 226 et
603 187 644 226 in
676 186 853 226 futurum
877 186 995 226 etiam
1027 193 1177 226 metum
1208 191 1423 239 ceperunt:
1456 197 1573 238 cum,

88 244 138 285 ad
164 250 300 298 portas
332 256 458 298 prope
489 245 652 284 sedente
683 243 857 284 exercitu
880 243 1059 284 Romano
1092 257 1135 284 ea
1165 243 1325 291 fierent,
1358 242 1548 296 quidnam

88 315 130 342 se
160 302 339 342 futurum
366 314 452 342 esse
482 302 671 355 protectis
701 301 742 342 in
763 300 912 341 Italiam
942 301 1145 349 Romanis,
1167 300 1353 354 Philippo
1385 312 1431 340 ex
1454 313 1549 353 pro-

88 359 241 413 pinquo
273 359 404 400 socios
434 359 643 399 adiuvante
675 365 713 398 et
734 359 879 399 infesto
902 358 970 408 iis,
1003 359 1069 411 qui
1093 359 1214 411 partis
1244 359 1428 398 adversae
1449 358 1547 398 fuis-

89 415 208 458 sent?
259 417 353 458 dum
383 416 562 457 Romana
592 429 698 457 arma
720 417 760 456 in
784 416 1014 470 propinquo
1046 417 1257 464 haberent,
1289 415 1430 456 tollere
1453 416 1548 456 Bra·
1571 426 1581 437 ⁸

89 474 280 528 chyllem,
311 474 536 528 principem
571 474 771 515 fautorum
794 474 920 526 regis,
951 480 1191 514 statuerunt.
1235 481 1273 513 et
1300 480 1480 526 tempore
1502 474 1550 514 ad

88 545 173 573 eam
202 545 285 573 rem
318 538 455 586 capt0,
492 544 582 572 cum
612 532 653 571 in
680 531 842 585 publico
875 531 1057 585 epulatus
1089 537 1354 571 reverteretur
1385 531 1549 571 domum

88 590 332 630 temulentus
354 588 692 644 prosequentibus
712 589 901 629 mollibus
924 589 1029 638 viris,
1053 589 1120 642 qui
1137 589 1213 629 ioci
1233 601 1350 629 causa
1368 589 1548 629 convivio

89 647 237 688 celebri
259 648 534 695 interfuerant,
556 647 603 687 ab
626 660 693 687 sex
714 647 887 695 armatis,
917 659 1087 700 quorum
1110 653 1189 686 tres
1211 646 1348 695 Italici,
1373 654 1450 686 tres
1472 648 1550 686 Ae-

87 705 156 745 toli
189 713 322 754 erant,
354 705 646 745 circumventus
677 705 884 745 occiditur.
938 705 1029 756 fuga
1059 704 1249 744 comitum
1280 710 1317 743 et
1348 704 1548 756 quiritatio

87 762 187 803 facta
210 769 250 802 et
270 762 464 803 tumultus
487 775 558 816 per
575 768 695 803 totam
717 762 856 803 urbem
872 762 1184 803 discurrentium
1201 774 1291 801 cum
1309 761 1548 810 luminibus;

88 833 346 874 percussores
355 821 545 880 proxima
569 827 680 873 porta
699 827 919 862 evaserunt.
957 820 1045 860 luce
1066 820 1191 873 prima
1210 819 1344 859 contio
1363 819 1552 871 frequens

87 877 193 918 velut
214 891 260 918 ex
281 884 373 918 ante
395 878 544 918 indicto
562 884 630 918 aut
645 891 741 918 voce
758 878 968 932 praeconis
987 884 1202 918 convocata
1222 877 1261 916 in
1282 877 1435 916 theatro
1454 884 1548 917 erat.

86 935 217 989 palam
247 935 294 976 ab
328 948 400 976 suo
431 936 622 976 comitatu
655 942 692 976 et
723 936 908 976 obscenis
940 935 1017 975 illis
1048 935 1142 976 viris
1172 934 1395 974 fremebant
1426 934 1550 974 inter-

87 994 256 1042 fectum,
290 993 434 1034 animis
455 999 585 1033 autem
611 993 856 1047 Zeuxippum
888 1000 1091 1034 auctorem
1122 992 1372 1032 destinabant
1404 992 1548 1032 caedis.

85 1050 126 1091 in
150 1051 373 1104 praesentia
397 1050 547 1104 placuit
569 1052 855 1105 comprehendi
880 1064 969 1100 eos,
995 1051 1060 1103 qui
1083 1049 1201 1090 simul
1225 1050 1405 1097 fuissent,
1431 1063 1551 1103 quae-

86 1108 338 1162 stionemque
361 1121 406 1148 ex
429 1109 475 1148 iis
498 1108 645 1149 haberi.
695 1109 762 1162 qui
786 1110 878 1149 dum
903 1115 1172 1161 quaeruntur,
1204 1107 1432 1160 Zeuxippus
1455 1120 1551 1147 con·

85 1166 204 1206 stanti
233 1166 366 1207 animo
397 1166 598 1207 avertendi
629 1166 677 1207 ab
700 1180 740 1206 se
772 1166 949 1207 criminis
981 1179 1096 1206 causa
1127 1166 1166 1205 iu
1199 1166 1430 1206 contionem
1454 1177 1548 1218 pro-

86 1236 246 1276 gressus
276 1236 408 1264 errare
429 1223 481 1264 ait
511 1224 714 1272 homines,
748 1225 814 1277 qui
844 1230 920 1264 tam
951 1232 1124 1264 atrocem
1156 1223 1314 1263 caedem
1349 1223 1549 1276 pertinere

84 1281 132 1321 ad
155 1281 244 1321 illos
266 1282 470 1322 semiviros
493 1282 716 1329 crederent,
738 1282 943 1334 multaque
965 1282 1005 1321 in
1030 1294 1114 1321 eam
1138 1288 1289 1334 partem
1314 1280 1550 1334 pobabiliter

84 1345 396 1391 argumentatus,
420 1339 565 1392 quibus
587 1340 703 1379 fidem
726 1340 831 1393 apud
848 1339 1039 1392 quosdam
1060 1338 1150 1378 fecit
1169 1351 1400 1391 numquam,
1424 1338 1455 1377 si
1473 1338 1548 1377 sibi

86 1396 273 1437 conscius
296 1403 418 1446 esset,
453 1396 678 1437 oblaturum
701 1410 742 1437 se
765 1397 1013 1437 multitudini
1036 1396 1329 1436 mentionemve
1353 1396 1437 1435 eius
1460 1408 1548 1435 cae-

85 1454 144 1494 dis
167 1454 279 1494 nullo
301 1454 520 1495 lacessente
543 1455 741 1495 facturum
765 1455 907 1503 fuisse,
941 1455 1005 1494 alii
1040 1467 1120 1494 non
1145 1453 1325 1494 dubitare
1348 1453 1547 1506 inpuden-

83 1544 265 1585 l‘uturum]
300 1544 370 1588 vgl.
395 1546 426 1586 8,
446 1547 477 1585 7,
496 1547 557 1583 22;
592 1544 698 1578 lustin
728 1547 780 1587 14,

88 1594 117 1633 1,
140 1591 179 1624 13
206 1600 238 1624 u.
257 1600 305 1630 a.;
330 1591 401 1634 vgl.
427 1591 499 1626 Liv.
526 1592 581 1633 30,
607 1593 658 1631 17,
680 1594 709 1625 1.
736 1611 780 1615 —

81 1638 210 1680 prope]
236 1635 360 1680 gehiirt
384 1648 428 1670 zu
453 1636 532 1671 dem
558 1646 691 1680 ganzen
717 1636 780 1670 Be-

86 1682 184 1726 griffe
199 1683 248 1715 ad
260 1686 389 1726 portas
401 1683 534 1716 sedere.
549 1703 591 1707 —
608 1683 781 1727 quidnam

85 1753 94 1762 .
110 1755 118 1764 .
133 1731 238 1770 esse?]
257 1729 501 1772 unabhangige
515 1729 634 1772 Frage,
654 1729 695 1762 da
712 1740 782 1761 me-

86 1778 162 1807 tum
180 1778 352 1817 ceperunt
368 1775 505 1808 absolut
529 1776 653 1808 stehen
671 1775 781 1814 kann;

85 1820 154 1864 vgl.
174 1822 229 1862 34,
247 1822 298 1861 11,
318 1823 356 1860 6;
375 1821 460 1854 fiber
473 1832 510 1853 se
525 1820 695 1860 futurum
709 1833 782 1854 esse

87 1876 114 1900 s.
140 1877 182 1900 zu
208 1869 264 1908 45,
284 1867 339 1908 39,
356 1869 388 1900 4.

136 1914 187 1946 11.
221 1913 426 1954 adiuvante]
464 1912 549 1946 wird
584 1912 690 1946 durch
723 1912 781 1952 fu-

87 1962 211 1991 turum
229 1958 280 1992 als
300 1959 335 1991 in
361 1958 416 1992 die
434 1958 587 1992 Zukunst
606 1959 782 2001 gehorend

85 2004 301 2045 bezeichnet,
326 2021 371 2032 =
395 2007 428 2037 si
442 2032 448 2038 .
464 2032 472 2039 .
488 2005 689 2039 adiuvaret.

132 2048 216 2086 28.*
234 2052 264 2085 2.
280 2052 474 2094 inpublico
491 2051 667 2094 epulatus]
680 2051 784 2085 nach-

87 2095 164 2130 dem
183 2107 219 2131 er
236 2097 348 2131 einem
368 2097 428 2130 auf
444 2096 688 2131 Staatskosten
708 2108 782 2131 ver-

87 2143 296 2177 anstalteten
307 2142 421 2177 Mahle
436 2143 660 2186 beigewohnt
675 2143 781 2177 hatte.

86 2207 132 2213 —
157 2190 394 2223 temulentus.
410 2191 429 2231 .]
462 2189 547 2223 fiber
572 2189 626 2223 die
655 2189 782 2223 Sitten-

86 2234 251 2279 losigkeit
271 2235 330 2268 der
343 2234 472 2269 Bootei·
486 2246 512 2269 s.
529 2237 583 2277 36,
601 2238 632 2277 6,
648 2238 684 2275 2;
709 2235 782 2269 Pol.

87 2282 142 2322 20,
160 2283 192 2325 4,
212 2283 249 2320 6;
277 2280 376 2315 Mms.
394 2281 462 2315 RG.
494 2283 537 2323 15,
557 2284 633 2316 699.

134 2328 165 2361 3.
208 2329 279 2360 ioci
313 2329 434 2368 causa]
477 2328 655 2361 vielleicht
696 2328 782 2361 nach

88 2370 150 2406 Ov.
177 2373 266 2407 Fast.
293 2376 331 2416 4,
358 2376 424 2408 868
457 2384 500 2406 zu
534 2373 703 2409 erklaren.
736 2393 781 2399 —-

85 2417 178 2460 fuga
195 2444 202 2452 .
218 2421 238 2460 .]
258 2419 326 2462 vgl.
344 2421 373 2461 1,
386 2422 440 2461 48,
455 2422 487 2454 4.
514 2440 558 2444 —
577 2422 780 2463 quiritatio]

88 2464 221 2497 scheint
246 2465 319 2498 sich
337 2468 436 2499 sonst
455 2466 552 2499 nicht
576 2477 619 2500 zu
644 2465 779 2505 fiuden;

88 2511 287 2552 quiritatus
318 2511 507 2554 gebraucht
543 2511 630 2545 Plin.
662 2512 722 2556 Ep.
750 2515 781 2553 6,

88 2558 142 2596 20,
163 2558 204 2590 14
230 2556 299 2590 und
322 2556 479 2592 Valerius
506 2556 692 2597 Maximus;
721 2557 780 2591 das

158 2617 189 2645 T.
205 2616 264 2645 Liv.
279 2617 327 2645 vn
341 2620 367 2648 2.
387 2619 413 2647 3.
429 2620 501 2647 Auli.

852 1543 1004 1578 Verbum
1037 1546 1218 1587 quiritat'e
1253 1543 1310 1576 hat
1337 1543 1408 1577 Liv.
1437 1546 1490 1585 39,
1518 1545 1547 1584 8,

853 1592 884 1626 S.
914 1593 971 1633 10,
1000 1593 1036 1631 7,
1075 1590 1162 1623 auch
1202 1600 1269 1623 von
1308 1589 1550 1623 Nichtromern

853 1637 919 1670 wie
945 1639 1001 1679 40,
1027 1638 1064 1677 9,
1093 1639 1130 1676 ῖς
1165 1647 1207 1669 zu
1231 1635 1332 1675 facta
1361 1636 1428 1679 vgl.
1460 1637 1491 1677 S,
1518 1637 1549 1675 9,

855 1685 908 1716 12.
934 1702 976 1706 -
1001 1684 1173 1725 prat-ima
1198 1684 1318 1725 porta]
1346 1692 1372 1715 s.
1399 1684 1453 1721 26,
1472 1684 1503 1716 9.

900 1731 930 1762 4.
959 1729 1055 1761 velut
1080 1740 1125 1761 ea·
1143 1731 1228 1761 aute
1253 1729 1403 1769 indicto]
1431 1728 1498 1770 vgl.
1519 1731 1551 1769 6,

854 1776 884 1809 8.
911 1794 955 1798 —-
982 1779 1045 1806 aut
1070 1785 1153 1807 voce
1176 1775 1382 1817 praeconis]
1421 1775 1485 1807 wie
1517 1774 1550 1806 iu

855 1820 943 1853 Rom
962 1820 1016 1854 die
1038 1819 1451 1863 Volksversammlungen
1478 1824 1552 1853 ent-

855 1866 970 1900 weder
985 1866 1091 1900 durch
1102 1866 1156 1900 ein
1168 1865 1270 1899 Edikt
1286 1869 1452 1909 angesagt
1465 1865 1551 1899 oder

853 1911 957 1945 durch
977 1912 1076 1945 einen
1097 1912 1204 1945 Pr'aco
1225 1911 1366 1945 berufen
1386 1911 1547 1951 wurden;

853 1968 880 1991 s.
900 1958 985 1992 Gell.
1008 1961 1059 1999 15,
1079 1961 1132 1992 27.
1156 1978 1196 1982 --
1215 1960 1252 1990 in
1272 1959 1425 1998 theatro]
1447 1969 1473 1991 s.
1493 1959 1548 1999 24,

855 2007 908 2041 39,
935 2009 959 2037 l.

900 2054 931 2085 5.
970 2052 1131 2083 obscenis
1152 2076 1184 2084 ..
1212 2049 1311 2094 vil-is]
1351 2050 1417 2093 vgl.
1453 2051 1473 2094 ξ
1510 2051 1548 2089 2;

855 2096 938 2131 Sall.
964 2096 1035 2140 Iug-
1063 2098 1116 2137 55,
1136 2098 1198 2130 42:
1232 2098 1433 2139 turpissimi
1466 2098 1547 2135 rit-1¹,

855 2143 949 2176 nicht
977 2144 1146 2175 hommes.
1173 2162 1217 2166 ——
1243 2143 1485 2183 destinabant]
1522 2153 1548 2175 s.

855 2190 886 2230 9,
917 2192 967 2229 16,
999 2191 1055 2227 19;
1084 2188 1154 2231 vgl.
1180 2199 1222 2221 zu
1248 2191 1303 2227 43,
1330 2191 1361 2226 ἵ,
1390 2191 1419 2222 3.

902 2237 932 2269 6.
959 2237 996 2267 in
1010 2236 1231 2278 praesentia]
1245 2231 1323 2268 ‘vor
1342 2235 1400 2268 dei·
1417 2230 1547 2272 Hand';

856 2292 883 2315 s.
909 2291 951 2314 zu
978 2284 1033 2321 -10,
1060 2282 1114 2319 21,
1145 2282 1196 2315 11.

902 2329 932 2361 8.
961 2329 1247 2369 argumentatus,
1274 2326 1404 2369 quibus
1422 2350 1429 2358 .
1445 2327 1464 2365 .]
1489 2324 1550 2358 der

855 2373 1103 2406 Schriftsteller
1137 2373 1180 2405 ist
1219 2382 1279 2405 aus
1315 2370 1374 2404 der
1408 2370 1547 2404 Konstr.

854 2419 1021 2462 gefallen;
1038 2429 1113 2452 s.zu
1133 2420 1184 2459 12,
1197 2419 1235 2455 3;
1253 2416 1431 2451 entweder
1445 2417 1547 2450 sollte

854 2467 981 2508 quibus
1019 2464 1134 2498 selilen
1168 2463 1250 2497 oder
1283 2473 1319 2496 es
1356 2467 1407 2495 est
1438 2474 1547 2506 argu-

854 2514 1035 2544 mentatus
1070 2509 1214 2543 heissen.
1241 2529 1283 2533 —
1309 2508 1415 2548 fidem
1449 2509 1549 2552 apud

854 2557 1028 2602 quosdam
1053 2555 1152 2596 feeit]
1180 2566 1206 2589 s.
1235 2557 1289 2596 31,
1315 2559 1346 2588 a.

1317 2614 1337 2646 4

1585 308 1621 341 11

1573 420 1594 456 h)

1598 421 1621 456 Φ

1584 482 1602 513 '⁴0
