1795 2844
148 97 172 115 a.
193 87 260 115 chr.
277 95 306 113 6.
327 86 386 113 195.

622 73 748 108 LIBER
773 71 933 107 xxxlm.
982 72 1078 107 CAP.
1104 74 1136 107 4.

1548 69 1601 108 95

148 205 229 239 ros,
251 191 283 230 si
306 191 346 230 in
369 191 452 230 suis
472 203 633 230 manere
655 190 815 230 sedibus
836 189 1046 241 patiemur.
1090 196 1246 242 patrum
1271 195 1499 228 nostrorum
1522 199 1606 226 me·
1636 193 1657 226 6

147 249 274 289 moria
289 261 362 301 per
383 248 554 300 legatum
572 248 732 287 Cineam
751 247 924 298 Pyrrhus
946 259 1026 285 non
1050 247 1224 286 virorum
1247 247 1364 286 modo
1388 246 1454 285 sed
1488 245 1605 284 etiam

148 307 361 347 mulierum
393 307 547 345 animos
568 306 683 345 donis
713 304 931 356 temptavit.

986 305 1164 343 nondum
1188 304 1249 342 lex
1273 303 1399 357 Oppia
1423 303 1468 342 ad
1493 314 1604 342 coer-

149 364 314 404 cendam
331 363 526 403 luxuriam
543 363 776 402 muliebrem
794 362 870 400 lata
888 368 992 409 erat.;
1015 368 1146 401 tamen
1166 362 1272 401 nulla
1291 361 1456 413 accepit.
1488 371 1606 412 quam

149 433 307 462 causam
329 421 451 461 fuisse
473 418 675 461 censetis?
712 419 845 459 eadem
869 419 957 465 fuit,
981 431 1080 471 quae
1098 419 1316 458 maioribus
1338 418 1484 458 nostris
1505 417 1606 456 nihil

148 480 197 519 de
219 479 293 519 1136
313 491 356 518 re
378 479 464 530 lege
495 477 726 524 sanciundi3
759 476 870 515 nulla
890 482 973 516 erat
1002 476 1177 524 luxuria,
1210 488 1310 528 quae
1341 481 1604 515 coerceretur.

149 538 254 576 sicut
282 543 372 576 ante
404 535 566 576 morbos
588 546 750 574 6666556
772 541 829 573 est
865 534 1048 585 cognitos
1079 546 1164 573 esse
1196 546 1312 586 quam
1344 533 1515 572 remedia
1539 544 1607 572 eo-
1637 537 1656 571 8

149 606 259 643 rum.
290 594 347 633 sic
376 593 611 646 cupiditates
640 593 753 644 prius
784 598 896 631 natae
919 597 1011 630 sunt
1034 604 1150 644 quam
1172 591 1299 642 leges,
1331 603 1430 643 quae
1452 591 1498 629 iis
1520 602 1606 629 mo-

150 652 245 692 dum
266 651 454 690 facerent.
498 650 590 702 quid
615 649 742 701 legem
760 649 951 688 Liciniam
976 649 1155 688 excitavit
1179 650 1226 687 de
1249 649 1480 701 quingentis
1497 648 1609 699 iuge·
1637 652 1657 685 9

148 709 261 749 ribus
283 708 358 748 nisi
378 708 522 760 ingens
544 707 689 760 cupido
712 719 828 758 agros
851 704 1142 745 continuandi?
1165 706 1259 758 quid
1282 706 1407 757 legem
1429 705 1606 745 Cinciam

150 767 199 806 de
228 765 345 805 donis
373 773 411 804 et
439 765 696 812 muneribus,
728 765 803 803 nisi
835 764 925 816 quia
954 764 1157 814 vectigalis
1186 764 1261 803 iam
1286 770 1321 802 et
1351 762 1607 816 stipendiaria

149 823 263 877 plebs
284 835 369 862 esse
398 823 551 862 senatui
575 820 790 875 coeperat?
818 822 950 874 itaque
980 822 1144 860 minime
1172 821 1317 860 mirum
1341 827 1401 860 est
1424 833 1498 859 666
1522 819 1604 872 Op·
1637 825 1677 858 10

149 881 254 934 piam
279 893 354 920 nec
375 879 488 920 aliam
511 879 630 919 ullam
655 886 739 919 tum
764 879 890 931 legem
915 879 1175 918 desideratam
1199 891 1298 924 6556,
1322 891 1421 931 quae
1445 878 1606 917 modum

150 937 376 991 sumptibus
405 937 618 977 mulierum
650 937 816 984 faceret,
849 949 938 976 cum
971 948 1111 976 aurum
1145 942 1182 975 et
1211 948 1427 989 purpuram
1460 936 1547 974 data
1570 940 1608 974 et

151 995 281 1036 oblata
302 995 407 1035 ultro
431 1007 511 1034 non
542 994 802 1047 accipiebant.
846 995 877 1033 si
901 1006 1010 1034 6666
1032 1006 1122 1033 cum
1133 993 1222 1033 -illis
1244 994 1360 1033 donis
1382 993 1523 1033 Cineas
1543 1005 1610 1032 ur-

150 1053 241 1093 bem
273 1053 522 1100 circumiret,
555 1052 697 1092 stantis
728 1052 768 1091 in
791 1051 954 1104 publico
977 1052 1213 1095 invenisset,
1247 1063 1347 1103 quae
1369 1051 1609 1103 acciperent.

152 1118 270 1163 atque
292 1122 365 1162 ego
396 1109 684 1149 nonnullarum
708 1109 982 1162 cupiditatium
1016 1122 1065 1148 ne
1088 1121 1244 1148 causam
1278 1109 1435 1161 quidem
1459 1115 1524 1147 aut
1547 1120 1609 1146 ra·

150 1199 296 1221 manere
320 1188 476 1227 sedibus]
504 1187 553 1220 sie
580 1198 640 1220 aus
667 1187 783 1220 diesen
804 1198 844 1219 zu

151 1234 330 1268 entfernen
362 1233 616 1276 beabsichtigte
649 1243 727 1266 man
759 1234 846 1266 auch

151 1281 269 1324 spater
286 1279 392 1320 nicht,
417 1290 481 1312 nur
497 1278 641 1312 wurden
658 1289 746 1312 neue
764 1279 845 1312 Got-

152 1330 204 1360 ter
236 1325 452 1369 eingesfihrt.
487 1324 593 1358 durch
625 1325 759 1358 welche
791 1325 845 1357 die

152 1373 243 1406 alten
269 1372 305 1405 in
330 1371 397 1405 den
420 1370 652 1413 Hintergrund
678 1371 845 1414 gedr'angt

152 1418 313 1456 wurdem
351 1427 378 1451 s.
409 1416 516 1460 Marq.
550 1419 581 1458 3,
616 1419 676 1455 31;
716 1416 846 1450 Preller

148 1463 223 1497 ΒΜ.
250 1465 292 1497 22
307 1462 342 1496 ff.
368 1482 412 1487 —
436 1464 522 1503 suis]
549 1473 575 1496 5.
600 1465 633 1504 4,
660 1464 715 1503 33,
741 1466 771 1495 5.

195 1512 226 1544 6.
255 1510 414 1550 Cineam]
441 1519 468 1542 5.
483 1510 584 1549 9,17‚
603 1511 659 1547 14ς
688 1508 762 1542 Per.
782 1510 841 1546 13;

146 1555 281 1590 Nonius
307 1554 341 1588 S.
366 1556 431 1589 532
458 1565 520 1588 aus
538 1553 664 1587 Varro:
693 1565 765 1597 qua
787 1557 847 1587 ab-

147 1603 321 1635 stinentia
345 1603 420 1634 viri
453 1601 691 1643 mulieresque
714 1600 843 1633 Roma-

146 1659 216 1681 nae
238 1647 380 1688 fuerint
394 1648 587 1690 (apparet),
614 1647 712 1688 quod
725 1658 745 1679 a
759 1657 844 1689 rege

145 1705 297 1726 munera
322 1703 445 1726 eorum
471 1693 633 1726 noluerit
656 1703 758 1725 nemo
784 1704 843 1725 ac-

147 1742 278 1783 cipere.
388 1739 438 1771 ad
468 1739 701 1771 coer-cendam
736 1739 844 1771 Inmu-

146 1787 254 1826 riam]
279 1784 349 1827 vgl.
376 1786 408 1826 6,
437 1787 488 1818 10.

194 1834 226 1865 7.
251 1831 420 1871 nostm's]*
446 1849 490 1854 -
515 1829 748 1870 saucianda*

195 1880 227 1912 8.
252 1879 348 1909 sicut
373 1879 457 1908 ante
482 1877 644 1908 morbos.
660 1877 680 1916 .]
707 1886 733 1909 5.
760 1875 841 1909 Tac.

146 1924 235 1956 Ann.
269 1925 330 1964 15,
361 1923 422 1956 20:
456 1932 525 1954 usu
554 1923 748 1964 probatum
781 1925 841 1961 est,

148 1970 242 2012 leges
276 1969 460 2011 egregias,
499 1967 662 2010 exempla
695 1969 841 2000 honesta

147 2015 248 2058 apud
283 2016 394 2048 bonos
430 2025 476 2046 ea:
513 2014 653 2046 delictis
686 2014 844 2046 aliorum

144 2071 265 2104 gzgm.

193 2110 227 2142 9.
253 2107 295 2140 de
312 2107 521 2150 quingentis
536 2106 737 2148 iugeribus]
756 2104 842 2138 Gell.

147 2155 203 2195 20,
229 2154 335 2194 1‚23:
361 2153 530 2194 iugerum
555 2152 598 2184 de
622 2161 843 2184 numero.—

147 2198 398 2240 continuandi]
418 2207 445 2231 s.
464 2208 506 2231 zu
527 2201 557 2240 1,
581 2200 637 2237 44,
659 2199 695 2235 4;
718 2213 763 2225 -—-=
787 2192 842 2229 ‘an

147 2244 311 2278 einander
327 2240 471 2285 reihen’,
488 2254 547 2277 um
563 2242 781 2276 Latisundien
800 2253 843 2275 zu

146 2289 284 2329 hildem
320 2289 395 2323 dass
426 2290 514 2322 auch
548 2289 674 2323 andere
705 2288 842 2321 Grande

146 2335 316 2377 wirkten,
350 2335 409 2369 hat
433 2335 505 2368 Liv.
531 2336 642 2369 selbst
667 2336 707 2377 6,
735 2337 795 2374 35,
821 2337 842 2368 4

146 2381 316 2415 bemerkt.
341 2401 386 2405 —
414 2380 587 2422 Cinciam]
605 2391 675 2414 von
693 2380 770 2413 dem
786 2382 842 2420 29,

149 2429 204 2468 20,
220 2429 260 2461 11
277 2427 478 2461 erwahnten
493 2427 629 2460 Cincius
649 2426 701 2460 als
720 2425 845 2460 Volks-

146 2473 264 2506 11111116
288 2475 356 2507 204
379 2484 412 2506 V.
439 2473 514 2506 Chr.
539 2473 742 2515 beantragt‚
774 2483 843 2505 von

149 2518 222 2552 Liv.
255 2519 499 2562 ubergangen;
534 2529 559 2552 5.
587 2519 655 2552 Cic.
691 2518 764 2551 Cat.
798 2528 843 2550 m.

151 2566 211 2598 10:
247 2575 358 2597 senex
387 2564 443 2606 (Q.
473 2565 613 2598 Fabius
646 2564 843 2605 „lfa-vimus)

917 1198 1046 1219 suasor
1079 1187 1167 1228 Iegis
1200 1186 1346 1219 Cinciae
1380 1187 1421 1219 de
1446 1187 1551 1219 donis
1577 1188 1613 1218 et

917 1234 1126 1265 muneribus
1150 1232 1241 1271 fuist
1269 1232 1311 1266 ad
1334 1233 1406 1265 Att.
1435 1235 1464 1273 1,
1490 1233 1545 1270 20,
1572 1234 1608 1271 7;

917 1279 970 1312 die
996 1278 1063 1312 Lex
1088 1278 1304 1319 verordnete,
1330 1278 1405 1311 dass
1428 1278 1541 1311 ausser
1568 1288 1611 1311 an

916 1324 1126 1358 Verwandte
1152 1324 1221 1357 und
1247 1323 1387 1357 Msmdel
1407 1323 1611 1357 Geschenke

917 1381 980 1404 nur
993 1371 1047 1403 1115
1073 1381 1113 1403 zu
1130 1371 1241 1403 einem
1269 1371 1442 1413 gewissen
1461 1369 1609 1413 Betrage

917 1417 1073 1459 gegeben
1100 1416 1239 1449 werden
1267 1416 1414 1457 durften,
1445 1415 1610 1449 wodurch

916 1462 1004 1495 auch
1019 1462 1223 1495 Geschenke
1239 1462 1299 1495 der
1312 1461 1483 1503 PlebeJ'er.
1499 1462 1613 1495 wahr-

915 1508 1105 1541 scheinlich
1132 1508 1182 1541 als
1208 1508 1380 1549 ΚΙ1661611,
1407 1519 1448 1541 36
1475 1508 1529 1541 die
1544 1507 1610 1540 Pa-

913 1555 1003 1587 troni
1028 1555 1195 1587 verboten
1216 1554 1367 1587 wurden.
1410 1554 1504 1587 Doch
1523 1553 1611 1587 wird

914 1600 974 1633 das
1001 1600 1126 1634 Gesetz
1150 1599 1229 1633 Tac.
1256 1600 1414 1641 Ann.11,
1432 1603 1471 1634 5:
1500 1601 1611 1642 legem

916 1645 1079 1679 Cinciam
1096 1648 1441 1689 flagitantwatres),
1469 1657 1538 1688 qua
1554 1657 1612 1678 ca-

915 1695 1018 1724 vetur
1044 1694 1257 1734 antiquitus,
1283 1703 1328 1724 ne
1352 1695 1432 1734 quis
1458 1693 1498 1725 ob
1527 1703 1611 1724 cau-

913 1749 990 1770 sam
1015 1739 1193 1770 orandam
1216 1740 1407 1781 pecuniam
1434 1739 1612 1770 donumve

915 1786 1088 1826 accz'piat;
1129 1784 1205 1817 ebd.
1234 1786 1286 1823 13,
1312 1786 1377 1822 42;
1411 1788 1459 1823 15,
1483 1786 1525 1817 20
1552 1783 1613 1816 auf

915 1830 1015 1863 einen
1031 1840 1177 1872 engeren
1194 1829 1292 1862 Kreis
1312 1829 1520 1862 beschrankt
1539 1829 1611 1862 und

910 1877 1064 1919 patroni
1082 1875 1142 1908 aus
1158 1875 1212 1909 die
1232 1875 1447 1918 Verteidiger
1466 1886 1527 1909 vor
1546 1875 1610 1908 Ge-

914 1922 1003 1954 richt
1027 1921 1200 1964 bezogen;
1226 1922 1298 1964 vgl.
1319 1921 1403 1954 Rein
1419 1920 1609 1955 PR.731ff.

915 1969 1000 2005 87&
1028 1966 1126 2000 Mms.
1158 1967 1223 2000 RF.
1254 1970 1281 2007 1,
1315 1969 1391 2000 367.
1427 1987 1470 1991 —
1502 1968 1610 2000 vecti-

912 2013 1021 2055 galis]
1049 2013 1118 2056 vgl.
1145 2024 1186 2045 zu
1214 2016 1244 2054 5,
1273 2015 1326 2053 10,
1353 2015 1382 2047 8.

964 2061 1017 2092 10.
1051 2060 1174 2100 aliam]
1208 2060 1325 2102 spater
1362 2058 1428 2102 gab
1455 2069 1491 2092 65
1516 2059 1612 2092 meh-

914 2115 989 2138 rere
1015 2105 1110 2148 leges
1137 2105 1385 2149 sumptuariae;
1412 2104 1467 2138 die
1488 2104 1609 2138 Orchia

915 2152 955 2185 (5.
982 2152 1002 2193 ξ
1032 2154 1073 2191 1).
1101 2151 1240 2185 Fannia,
1265 2151 1364 2184 Didia
1384 2162 1415 2184 6,
1431 2153 1610 2183 3.-τ1ιπι

915 2196 1053 2241 neum]
1080 2197 1114 2229 in
1135 2197 1236 2238 Jener
1261 2197 1346 2237 Zeit‚
1372 2197 1407 2229 in
1433 2196 1538 2229 der..

964 2245 1015 2276 tl.
1049 2245 1255 2283 invenisset]
1288 2243 1405 2275 hierzu
1439 2243 1482 2275 ist
1518 2244 1610 2274 etwa

914 2288 964 2322 als
981 2288 1190 2322 Vordersatz
1217 2299 1259 2321 zu
1281 2288 1415 2321 denken
1432 2302 1438 2320 :
1464 2290 1496 2320 si
1513 2298 1611 2320 nunc

912 2336 1067 2366 venisset
1097 2338 1131 2367 et
1169 2336 1398 2376 circumiret,
1433 2359 1440 2367 .
1473 2361 1478 2367 .
1515 2335 1612 2365 inve-

912 2382 1032 2413 nisset.

963 2428 1109 2459 12—14.
1139 2425 1203 2458 Ein
1242 2435 1347 2458 neuer
1378 2423 1512 2458 Punkt:
1551 2423 1611 2458 der

913 2470 1161 2515 Widerspruch
1196 2481 1308 2514 gegen
1333 2470 1393 2504 das
1416 2469 1539 2504 Gesetz
1565 2470 1611 2503 ist

915 2517 1005 2550 ohne
1032 2517 1122 2550 allen
1149 2516 1276 2550 Grund.

965 2565 1016 2597 12.
1044 2563 1204 2606 eausam]
1232 2563 1278 2597 ist
1302 2564 1336 2596 in
1350 2562 1404 2596 die
1418 2561 1610 2596 Konstruk-

1637 367 1656 378 r

1644 375 1651 398 1

1642 998 1678 1032 lt

1641 1113 1680 1146 12
