1747 2828
175 55 256 94 118
610 54 736 88 LIBER
760 53 918 88 XXXIIII.
968 52 1062 86 CAP.
1091 54 1144 87 17.

1421 71 1446 89 a.
1466 71 1493 90 u.
1513 71 1538 91 e.
1557 64 1618 91 559.

122 181 140 212 5
172 178 268 212 cunt
288 170 506 222 alienisque
526 169 646 209 armis
661 169 851 222 parabant
866 168 1029 207 bellum.
1069 167 1210 207 consul
1226 167 1383 207 interim
1401 166 1620 207 rebellione

172 228 491 280 Bergistanorum
514 227 615 266 ictus
630 257 639 274 ‚
670 232 818 266 ceteras
842 238 1001 278 quoque
1024 225 1198 272 civitates
1218 232 1326 264 ratus
1350 237 1421 277 per
1441 224 1620 264 occasio-

172 297 264 325 nem
286 285 386 324 idem
409 285 600 331 facturas,
631 295 737 322 arma
760 283 944 322 omnibus
968 283 1024 321 cis
1047 281 1237 321 Hiberum
1259 281 1447 334 Hispanis
1467 281 1617 321 adimit.

122 350 141 381 6
173 354 291 395 quam
313 354 394 381 rein
424 341 520 380 adeo
551 353 665 391 aegre
687 341 814 393 passi,
847 346 890 379 ut
911 340 1023 379 multi
1047 345 1212 378 mortem
1245 338 1402 378 sibimet
1422 338 1498 390 ipsi
1520 350 1618 377 con-

122 408 139 439 τ
171 400 400 445 sciscerent,
423 398 531 437 ferox
554 410 694 449 genus,
718 397 865 436 nullam
887 397 1003 435 vitam
1026 397 1100 441 rati
1124 396 1210 434 sine
1231 395 1350 434 armis
1373 408 1471 434 esse.
1512 395 1619 447 quod

172 456 240 496 ubi
263 455 416 495 consuli
438 455 708 494 renuntiatum
729 462 809 502 est,
840 460 1043 493 senatores
1073 453 1251 492 omnium
1273 452 1489 492 civitatium
1510 452 1556 491 ad
1578 464 1621 491 se

171 512 301 552 vocari
332 512 444 551 iussit
474 519 592 563 atque
614 512 660 550 iis
688 506 794 550 ‘non
828 504 976 550 nostra³
1011 510 1140 562 inquit
1169 505 1319 560 ‘magis
1348 522 1465 561 quam
1495 514 1621 548 vestra

171 570 291 609 refert
311 582 379 608 vos
401 581 481 608 non
505 568 717 616 rebellare,
748 568 780 607 si
810 568 966 619 quidem
990 567 1026 605 id
1050 567 1197 606 maiore
1220 566 1487 618 Hispanorum
1517 565 1621 605 malo

120 633 140 666 8
171 639 288 679 quam
311 626 504 666 exercitus
525 625 691 664 Romani
720 625 852 664 labore
881 637 1036 676 semper
1065 624 1194 663 adhuc
1225 624 1370 663 sactum
1393 629 1465 662 est.
1515 623 1554 663 id
1577 629 1622 663 ut

173 696 223 724 ne
244 684 325 731 fiat,
347 695 427 722 uno
451 683 568 722 modo
590 683 759 722 arbitror
780 682 904 721 caveri
929 694 1058 733 posse,
1085 681 1114 719 si
1139 680 1321 719 effectum
1345 680 1432 743 erit,
1456 692 1505 719 ne
1527 692 1621 732 pos-

119 748 138 780 9
169 741 255 780 sitis
279 740 483 780 rebellare.
535 739 622 779 volo
645 740 682 778 id
706 751 822 791 quam
846 738 1074 777 mollissima
1092 738 1151 776 via
1174 737 1379 789 consequi.
1431 750 1499 776 vos
1520 750 1621 790 quo-

172 810 248 850 que
266 798 306 837 in
330 810 373 837 ea
390 810 432 836 re
454 797 621 836 consilio
639 809 701 835 me
718 797 906 835 adiuvate.
945 795 1099 834 nullum
1117 794 1305 833 libentius
1325 807 1480 846 sequar,
1503 806 1622 846 quam

101 861 139 894 10
171 855 275 907 quod
306 860 456 893 vosmet
484 854 560 906 ipsi
593 849 828 893 attuleiitis?
873 851 1095 891 tacentibus
1124 851 1297 904 spatium
1326 864 1368 890 se
1396 852 1442 890 ad
1473 851 1621 891 delibe-

102 918 140 951 11
171 912 336 951 randum
360 912 511 950 dierum
529 923 748 974 paucoium
771 911 862 949 dare
879 909 986 948 dixit.
1025 921 1115 948 cum
1132 908 1302 947 revocati
1324 908 1499 948 secundo
1523 920 1624 960 quo-

173 982 250 1021 que
273 968 442 1008 concilio
465 968 704 1015 tacuissent,
734 979 816 1006 uno
847 966 909 1005 die
931 965 1054 1005 muris
1077 965 1255 1004 omnium
1278 965 1439 1013 dirutis,
1472 965 1519 1004 ad
1541 977 1624 1013 eos,

172 1027 239 1078 qui
263 1026 439 1064 nondum
463 1025 665 1077 parebant,
688 1024 904 1076 profectus,
933 1030 976 1062 ut
997 1022 1038 1061 in
1063 1035 1260 1074 quamque
1281 1022 1486 1073 regionem
1505 1035 1624 1062 vene-

170 1090 243 1131 rat,
265 1095 417 1128 omnes,
449 1082 514 1133 qui
538 1082 639 1120 circa
663 1081 903 1127 incolebant,
936 1078 1109 1132 populos
1131 1079 1170 1118 in
1195 1079 1434 1118 deditionem
1458 1079 1623 1131 accepit.

101 1145 138 1178 12
169 1140 409 1192 Segesticam
430 1146 597 1186 tantum,
620 1150 778 1190 gravem
799 1145 917 1189 atque
941 1136 1170 1189 opulentam
1194 1135 1405 1183 civitatem,
1439 1135 1563 1175 vineis
1586 1143 1624 1175 et

173 1243 202 1275 8.
230 1260 272 1264 -
303 1240 467 1280 Tul-'ldnlt
487 1250 513 1271 s.
532 1239 611 1292 §23
631 1238 772 1271 Strabo:
791 1240 863 1270 Ho-

172 1282 294 1329 λύβιος
311 1288 495 1318 ovzoizozs
520 1282 637 1328 ‹sr'oas
661 1286 735 1317 τοῖς
758 1287 864 1328 Τουρ-

173 1329 216 1372 ὂη
219 1334 340 1364 ταιοῖς
366 1329 456 1375 πρὸς
479 1328 617 1375 ἄρκτον
641 1328 725 1363 τοὺς
757 1332 865 1373 Τουρ-

173 1374 336 1410 δούλους·
363 1379 446 1409 ami
470 1373 507 1408 δ’
537 1376 577 1407 ἐν
604 1372 726 1408 αὐτοῖς
747 1372 864 1407 οὐδεὶς

173 1425 345 1467 φαίνεται
376 1418 579 1465 ὃιορισιιός;
612 1421 681 1463 vgl.
708 1420 780 1454 Liv.
808 1423 861 1459 2⁹3,

174 1471 228 1509 39,
248 1470 277 1501 S.
297 1487 340 1491 —
359 1469 565 1499 conducunt
579 1494 585 1500 .
601 1492 608 1499 .
623 1468 815 1509 parabant]
835 1476 861 1498 S.

174 1516 229 1555 28,
252 1515 301 1550 16,
321 1514 358 1551 3;
387 1515 440 1553 37,
459 1515 514 1552 43,
534 1514 564 1545 2.

221 1562 251 1591 5.
277 1560 433 1598 interim]
461 1568 487 1591 s.
515 1569 556 1590 zu
583 1559 637 1598 36,
666 1559 718 1597 10,
741 1559 793 1590 10.
819 1575 863 1580 —

173 1606 279 1644 icius]
312 1614 338 1637 s.
367 1605 421 1645 33,
440 1605 494 1645 28,
514 1605 566 1636 14.
592 1622 636 1627 -
663 1603 755 1635 idem
786 1601 863 1641 fac-

174 1651 288 1691 ten-as]
317 1649 347 1682 d.
367 1649 399 1683 h.
418 1649 655 1681 rebellaturus
673 1648 760 1680 nach
786 1648 863 1680 dem

173 1695 477 1737 vorhergehenden
510 1694 711 1727 rebellione.
736 1713 782 1717 ——
806 1705 865 1726 ar-

173 1753 230 1773 ma
245 1766 253 1773 .
269 1743 289 1781 .]
307 1751 393 1783 ganz
412 1740 533 1773 andeis
556 1740 649 1772 hatte
669 1739 784 1781 Scipio
805 1749 864 1781 ge-

173 1786 332 1824 handelt;
357 1796 384 1819 s.
406 1788 460 1826 28,
479 1788 583 1827 34,9;
612 1785 681 1828 vgl.
708 1785 862 1827 Nitzscli‚

173 1832 348 1866 Gracchen
375 1831 408 1864 S.
429 1834 471 1865 58
487 1830 521 1864 ff.
548 1833 589 1865 89
606 1830 638 1864 ff.

219 1879 251 1912 6.
273 1876 408 1919 genus*
435 1903 442 1910 .
459 1902 467 1910 .
492 1879 576 1917 rotz]
603 1887 629 1909 s.
653 1879 703 1916 16,
730 1878 768 1908 9:
795 1886 865 1908 eos.

172 1943 216 1947 —-
242 1923 379 1955 nullam
395 1950 401 1957 .
417 1925 438 1963 .]
466 1933 502 1956 es
528 1924 614 1964 gebe
640 1921 721 1955 kein
739 1921 864 1962 Lehen,

173 1968 234 2001 das
273 1968 386 2001 Leben
425 1969 474 2001 sei
512 1968 642 2003 nichts:
681 1978 707 2001 s.
741 1967 864 2001 Strabo

176 2014 210 2047 S.
239 2016 320 2052 165;
346 2013 450 2047 lustin
478 2016 532 2053 44,
559 2015 589 2046 2.

222 2062 253 2092 7.
278 2060 562 2099 renuntiatum?
595 2078 638 2082 —
669 2059 863 2113 sen‘alores]

176 2116 202 2138 s.
230 2106 286 2144 29,
314 2107 345 2146 3,
371 2107 408 2138 2;
438 2106 633 2147 principes,
657 2121 703 2133 =
725 2101 868 2147 ‘Haupt—

174 2146 290 2193 linge.
321 2169 362 2175 —
385 2153 550 2184 maiore.
568 2150 698 2190 analo]
723 2159 750 2182 s.
777 2151 808 2187 2,
827 2152 866 2188 4;

175 2207 216 2229 zu
227 2176 274 2235 t’'2,
304 2199 331 2236 1,
359 2197 391 2230 3.

222 2243 254 2275 8.
280 2245 323 2273 ut
353 2243 409 2282 ne]
443 2240 549 2273 findet
583 2240 655 2273 sicli
690 2240 784 2273 nicht
816 2239 868 2273 oft

177 2288 231 2321 bei
258 2286 327 2320 Liv.
355 2289 395 2329 (s.
414 2297 455 2319 zu
473 2289 528 2327 21,
545 2288 601 2328 49,
620 2288 665 2325 8),
692 2286 787 2318 mehr
811 2285 867 2318 bei

177 2333 312 2371 Cicero;
346 2332 566 2375 gewohnlich
600 2332 691 2365 steht
717 2341 753 2364 es
780 2331 867 2363 nach

177 2377 406 2411 affirmativen
417 2377 704 2419 Bezeichnungen
715 2376 774 2409 der
782 2376 868 2408 Wil-

176 2423 428 2465 lensriehtung,
466 2423 553 2456 doch
591 2422 682 2455 kann
715 2433 753 2455 es
779 2422 866 2455 auch

177 2468 264 2501 nach
297 2478 421 2500 cavere
455 2469 639 2506 eintreten,
677 2479 704 2501 s.
730 2467 798 2501 Cic.
824 2467 867 2500 ad

180 2512 220 2552 Q.
246 2513 284 2547 fr.
314 2516 343 2554 1,
363 2516 412 2554 13,
440 2516 500 2548 38:
530 2524 718 2546 caveamus
744 2538 752 2546 .
780 2538 800 2553 .,
826 2516 867 2545 ut

934 1248 977 1269 ne
1011 1237 1109 1279 quod
1140 1238 1268 1269 vitium
1307 1236 1420 1276 fuisse
1460 1236 1622 1275 dicatum

933 1283 1024 1316 Lael.
1050 1284 1111 1322 99;
1138 1282 1208 1325 vgl.
1234 1282 1324 1315 Lael.
1351 1284 1411 1321 78;
1438 1282 1533 1316 Caes.
1560 1282 1624 1315 BC.

934 1331 966 1369 3,
991 1330 1046 1369 56,
1077 1331 1104 1361 1.
1136 1347 1183 1352 —
1216 1329 1380 1369 effectum
1405 1330 1484 1369 erit,
1508 1328 1565 1371 ne]
1597 1338 1624 1361 s.

933 1376 988 1414 43,
1019 1376 1071 1415 10,
1098 1375 1130 1406 6.

982 1421 1033 1452 11.
1059 1429 1132 1452 uno
1159 1419 1216 1451 die
1241 1445 1248 1452 .
1267 1420 1289 1459 .]
1315 1429 1466 1461 genauer
1482 1418 1625 1452 Frontin

937 1467 965 1506 1,
993 1467 1021 1505 1,
1049 1466 1083 1497 1:
1109 1465 1255 1506 scripsit
1278 1465 1433 1505 singulis
1456 1465 1626 1504 (civitati-

934 1512 997 1542 bus
1029 1521 1050 1542 a
1083 1521 1119 1542 se
1152 1510 1330 1552 devictis),
1366 1513 1408 1542 ut
1439 1510 1628 1542 diruerent

932 1558 1170 1594 munimenta,
1193 1557 1352 1587 minatus
1377 1555 1524 1596 bellum,
1552 1557 1627 1587 nisi

933 1600 1120 1640 confestim
1129 1602 1437 1642 obtemperassent.
1444 1611 1626 1643 unaquae-

933 1657 1000 1690 que
1024 1657 1070 1678 w
1073 1648 1169 1678 bium
1193 1647 1263 1678 sibi
1292 1647 1360 1679 soli
1384 1646 1538 1679 credidit
1560 1648 1626 1678 im-

930 1696 1109 1735 peratum.
1150 1696 1378 1725 contumaees
1403 1693 1626 1745 conspiratio

932 1740 1054 1781 potuit
1067 1737 1204 1777 faeere;
1223 1737 1293 1779 vgl.
1310 1736 1419 1770 Plut.:
1445 1733 1627 1780 Πολύβιος

933 1786 1001 1827 μέν
1029 1796 1070 1829 γε
1103 1785 1193 1836 φησὶ
1224 1783 1305 1816 τῶν
1341 1780 1445 1816 ἐντὸς
1476 1785 1627 1816 Βαίτιος

935 1829 1102 1872 ποταμοῦ
1141 1826 1288 1862 πόλεων
1323 1826 1439 1874 ἡμέρᾳ
1474 1828 1541 1882 μιᾷ
1579 1826 1625 1861 τὰ

933 1878 1101 1918 τείχη..
1114 1873 1409 1929 περιαιρεθῆναι.
1458 1870 1627 1916 πάμπολ-

934 1919 995 1953 λαι
1025 1916 1058 1952 δ’
1083 1921 1177 1960 ἦσαν
1202 1931 1332 1961 αυται,
1346 1921 1536 1973 γέμουσαι
1558 1931 1628 1962 μα-

935 1969 1055 2007 χίμων
1079 1963 1248 2016 ἄνδρῳν·
1291 1991 1299 1999 .
1327 1962 1374 1997 (ὸς
1393 1961 1464 2012 ἀλη
1468 1963 1549 1998 &ciis
1572 1977 1627 1997 τε·

935 2008 1130 2057 τρακόσιαι
1153 2010 1197 2044 τὸ
1223 2003 1413 2052 πλῆθος
1390 2012 1502 2052 ἠσανς
1537 2011 1626 2043 nach

937 2044 1073 2099 Appian
1092 2056 1169 2089 sind
1186 2066 1223 2089 es
1249 2054 1289 2087 αἱ
1311 2053 1434 2089 πόλεις
1458 2054 1498 2088 αἱ
1521 2057 1628 2100 περὶ

933 2101 964 2133 Ι
969 2105 1101 2145 βνρα
1128 2121 1171 2125 -
1196 2102 1395 2142 omnimn*]
1414 2100 1502 2134 wird
1518 2100 1626 2134 durch

940 2148 1000 2181 das
1027 2146 1201 2189 Folgende
1228 2145 1448 2180 beschrankt.

988 2195 1039 2226 12.
1066 2193 1295 2234 Segesticam]
1327 2192 1415 2225 nach
1439 2191 1517 2226 dem
1541 2191 1628 2226 Vor-

938 2238 1179 2281 hergelienden
1212 2247 1266 2269 am
1291 2237 1436 2271 Hiberus
1469 2238 1626 2281 gelegen‚

940 2285 1074 2318 scheint
1087 2285 1185 2316 sonst
1202 2283 1295 2317 nicht
1314 2283 1470 2316 erwiihnt
1483 2294 1526 2316 zu
1540 2293 1627 2317 wer-

940 2330 1006 2363 den
1038 2329 1107 2363 und
1143 2328 1237 2362 nicht
1269 2328 1423 2362 dieselbe
1449 2327 1549 2362 stadt
1584 2339 1626 2362 zu

938 2376 1011 2409 sein
1046 2375 1112 2407 wie
1139 2373 1264 2416 Segida
1299 2374 1382 2408 oder
1405 2373 1540 2416 Segeda
1577 2374 1627 2407 im

938 2421 1082 2454 Gebiete
1108 2419 1167 2452 der
1191 2419 1382 2459 Arevaker;
1409 2430 1436 2454 s.
1451 2419 1575 2453 Strabo
1594 2421 1625 2460 3,

939 2470 970 2508 4,
997 2467 1050 2507 13,
1075 2464 1110 2498 S.
1138 2466 1219 2504 162;
1253 2465 1389 2508 Appian
1422 2465 1468 2498 lb.
1494 2467 1550 2499 44.
1581 2484 1627 2489 -

935 2512 1074 2554 gravis]
1114 2511 1190 2544 eine
1227 2510 1408 2553 wichtige,
1454 2510 1626 2553 machtige
