1795 2844
593 92 721 127 LIBER
746 91 876 127 XXXII.
925 92 1020 128 CAP.
1046 95 1099 128 21.
1515 88 1595 129 139

134 113 161 134 ι.
184 105 252 134 Clu·-
270 112 300 132 n.
321 105 392 138 1984

138 210 319 250 nondum
340 210 437 250 socii
458 215 564 257 sunt,
588 209 677 262 plus
700 214 836 260 petant
858 221 977 260 quam
998 208 1159 249 socius?
1195 222 1277 249 non
1299 209 1343 248 fit
1364 209 1438 248 hoc
1463 220 1593 259 neque

137 267 330 308 modestia
347 267 519 320 Philippi
537 279 668 318 neque
685 265 932 318 impudentia
949 266 1234 314 Romanorum,
1253 266 1418 305 Achaei:
1437 266 1598 305 fortuna

138 330 178 365 et
198 324 264 364 dat
284 325 469 364 fiduciam
492 323 786 376 postulantibus
808 328 846 363 et
868 323 1000 362 demit.
1044 323 1215 375 Philippi
1242 329 1400 376 praeter
1421 323 1595 374 legatum

136 383 314 422 videmus
337 382 453 431 nihil;
476 382 656 421 Romana
673 381 808 421 classis
829 381 877 419 ad
895 380 1121 420 Cenchreas
1138 387 1213 420 stat
1230 381 1391 420 urbium
1408 380 1594 420 Euboeae

136 439 262 493 spolia
284 452 379 492 prae
401 452 443 479 se
471 440 623 487 ferens,
655 437 863 478 consulem
884 438 1143 490 legionesque
1167 438 1272 482 eius,
1304 438 1445 490 exiguo
1477 438 1595 477 maris

136 497 264 550 spatio
295 497 512 545 diiunctas,
551 495 766 536 Phocidem
796 508 840 535 ac
874 495 1083 534 Locridem
1114 496 1365 547 pervagantis
1396 496 1593 535 videmus:

135 554 350 603 miramini,
373 567 444 594 cur
460 553 686 594 diffidenter
701 552 957 600 Cleomedon,
976 552 1128 604 legatus
1146 553 1329 605 Philippi,
1348 559 1391 592 ut
1408 566 1481 605 pro
1501 565 1595 604 rege

136 625 248 652 arma
277 624 511 664 caperemus
540 611 727 651 adversus
758 610 980 656 Romanos,
1019 610 1138 649 modo
1170 608 1322 660 egerit?
1360 611 1447 662 qui,
1485 611 1517 650 si
1549 623 1595 649 ex

137 670 278 710 eodem
299 669 458 709 foedere
481 682 524 708 ac
547 669 634 708 iure
655 668 837 715 iurando,
861 667 974 707 cuius
998 668 1113 707 nobis
1136 668 1371 719 religionem
1393 667 1593 714 iniciebat,

135 739 323 780 rogemus
344 739 448 774 eum,
470 732 514 766 ut
537 739 610 767 nos
627 725 835 778 Philippus
857 730 895 764 et
917 725 965 764 ab
983 725 1133 764 Nabide
1157 738 1200 764 ac
1219 724 1540 764 Lacedaemoniis
1557 731 1595 764 et

136 785 184 825 ab
201 784 391 824 Romanis
409 784 606 832 defendat,
632 797 714 823 non
732 782 850 822 modo
869 782 1122 834 praesidium,
1147 795 1225 834 quo
1244 788 1401 821 tueatur
1418 796 1504 829 nos,
1526 782 1595 821 sed

136 854 188 882 ne
220 842 313 894 quid
335 842 577 894 respondeat
607 841 767 893 quidem
798 839 915 880 nobis
951 840 999 880 sit
1029 840 1286 887 inventurus,
1319 853 1402 878 non
1433 839 1595 878 hercule

135 899 261 951 magis
282 911 402 951 quam
422 899 507 951 ipse
526 899 734 951 Philippus
756 898 890 950 priore
912 910 1033 945 anno,
1057 898 1124 948 qui
1148 897 1371 948 pollicendo
1394 910 1436 936 se
1458 897 1594 936 adver-

134 970 202 998 sus
223 956 416 996 Nabidem
438 956 587 996 bellum
611 962 818 1008 gesturum
840 968 931 994 cum
953 960 1183 1007 temptasset
1213 960 1390 994 nostram
1411 954 1595 993 iuventu-

135 1019 216 1054 tem
237 1014 332 1054 hinc
354 1014 396 1053 in
418 1013 623 1054 Euboeam
645 1013 865 1059 extrahere,
889 1019 1101 1064 postquam
1125 1025 1198 1052 nos
1221 1025 1352 1063 neque
1374 1012 1592 1052 decernere

134 1071 174 1111 id
196 1071 271 1112 sibi
292 1071 535 1124 praesidium
557 1084 690 1123 neque
714 1070 809 1110 velle
832 1070 973 1121 illigari
992 1071 1172 1109 Romano
1191 1069 1295 1108 bello
1319 1069 1424 1117 vidit,
1449 1069 1594 1108 oblitus

134 1128 334 1170 societatis
352 1129 448 1176 eius,
467 1141 587 1180 quam
605 1141 714 1168 nunc
732 1128 861 1174 iactat,
879 1128 1088 1167 vastandos
1104 1127 1436 1178 populandosque
1455 1126 1593 1165 Nabidi

135 1199 180 1226 ac
202 1186 527 1226 Lacedaemoniis
556 1186 728 1237 reliquit.
772 1198 816 1223 ac
840 1185 934 1224 mihi
967 1184 1126 1236 quidem
1157 1184 1319 1223 minime
1349 1184 1593 1223 conveniens

135 1244 240 1284 inter
261 1257 302 1284 se
325 1243 452 1283 oratio
472 1243 766 1284 Cleomedontis
789 1242 867 1281 visa
892 1248 962 1281 est.
1006 1242 1182 1281 elevabat
1198 1242 1424 1281 Romanum
1446 1240 1595 1280 bellum

136 1307 404 1353 eventumque
427 1301 511 1341 eius
534 1301 708 1340 eundem
731 1302 836 1345 fore,
864 1300 931 1350 qui
955 1300 1098 1351 prioris
1121 1298 1234 1346 belli,
1258 1298 1365 1349 quod
1388 1311 1479 1337 cum
1502 1297 1593 1337 Phi-

902 1389 928 1411 s.
956 1380 1010 1419 31,
1036 1380 1091 1419 25,
1111 1380 1142 1411 4.
1169 1397 1213 1401 —
1235 1379 1361 1420 priore
1387 1378 1495 1416 anno]
1523 1376 1594 1408 Liv.

903 1424 961 1457 hat
987 1425 1041 1464 31,
1068 1426 1122 1464 25,
1149 1425 1167 1456 2
1193 1422 1225 1456 ff.
1261 1423 1315 1456 die
1349 1421 1594 1463 Verhandlung

902 1470 934 1502 in
962 1469 1039 1503 dem
1063 1469 1146 1502 Jahr
1165 1467 1398 1506 200612111111,
1424 1467 1466 1500 da
1492 1467 1541 1501 sie
1561 1468 1593 1499 in

902 1516 979 1549 dem
1017 1515 1161 1549 Herbste
1194 1515 1306 1548 dieses
1340 1513 1462 1547 Jahres
1496 1516 1597 1546 statt-

903 1562 1009 1602 hatte,
1020 1561 1197 1605 Polybios,
1213 1561 1271 1594 der
1285 1560 1346 1593 das
1357 1559 1439 1592 Jahr
1451 1559 1510 1592 mit
1520 1558 1598 1592 dem

903 1607 1047 1641 Herbste
1063 1607 1217 1650 beginnt‚
1240 1605 1524 1640 wahrscheinlich
1539 1615 1601 1638 un-

905 1656 957 1686 ter
975 1653 1006 1686 d.
1021 1653 1051 1686 J.
1075 1655 1153 1691 199;
1174 1653 1285 1686 dieser
1303 1652 1445 1694 Angabe
1465 1651 1508 1684 ist
1527 1650 1597 1683 Liv.

906 1699 1000 1732 wohl
1026 1699 1099 1732 hier
1116 1699 1259 1742 gesolgt.
1286 1717 1331 1722 —-
1357 1700 1599 1740 temptasset..

137 1380 239 1423 Lage,
265 1379 339 1413 dass
365 1379 415 1413 sie
440 1379 496 1413 ein
514 1379 667 1412 Bfindnis
686 1379 747 1412 mit
765 1388 828 1411 uns

135 1426 274 1460 fordern
299 1425 438 1458 konnen
463 1426 503 1467 (s.
529 1425 551 1469 ξ
574 1424 681 1463 1611.;
710 1423 830 1466 31111),

136 1472 274 1516 Philipp
300 1471 404 1505 nicht.

183 1520 214 1552 6.
243 1518 399 1550 venitin
428 1518 592 1557 mentem]
627 1514 747 1550 ‘denkt
773 1516 831 1549 da-

135 1560 219 1598 ran'.
237 1583 280 1588 —
301 1563 447 1605 Achaei]
468 1573 494 1596 s.
514 1564 567 1603 20,
589 1564 625 1601 3;
646 1564 699 1603 35,
718 1564 773 1603 49,
793 1564 828 1601 9;

136 1610 222 1644 fiber
229 1609 295 1643 den
305 1608 455 1643 Vokativ
469 1619 523 1642 am
533 1608 628 1642 Ende
638 1608 697 1642 des
709 1608 829 1642 Satzes

136 1666 163 1690 s.
191 1657 244 1696 38,
271 1657 327 1697 49,
354 1657 407 1689 13.
607 1679 612 1681 -

182 1704 214 1735 7.
228 1701 511 1745 postulantibus]
523 1699 588 1733 den
603 1698 831 1737 Fordernden,

135 1750 221 1782 statt
245 1743 300 1780 ‘zu
318 1742 585 1788 Forderungen‘;
614 1744 683 1787 vgl.
704 1746 758 1785 31,
781 1747 833 1785 11,

140 1795 192 1827 17.
207 1812 252 1817 —
269 1792 461 1826 Phocidem
478 1802 521 1824 ac
539 1791 741 1831 Locridem]
760 1790 832 1823 dies

137 1840 183 1873 ist
209 1839 242 1872 in
262 1837 379 1881 Bezug
404 1837 464 1871 auf
480 1836 599 1870 Lokris
616 1837 657 1877 (s.
681 1838 731 1877 18,
750 1840 769 1870 5
784 1835 834 1877 ff.)

138 1895 202 1919 nur
227 1884 451 1927 angedeutet;
486 1883 554 1926 vgl.
582 1885 636 1923 32,
669 1885 695 1917 1.
721 1883 775 1921 36,
801 1883 833 1915 9.

185 1932 216 1966 8.
241 1931 440 1970 miramim]
466 1928 658 1972 entspricht
680 1929 834 1961 venitin

137 1979 302 2010 mentem.
325 1995 371 2000 —-
391 1986 463 2019 pro
479 2001 486 2009 .
501 2002 509 2009 .
524 1975 706 2014 adversas]
732 1984 759 2008 s.
779 1976 833 2013 45,

142 2025 196 2066 10,
223 2024 274 2056 14.
300 2041 345 2046 ——
368 2021 485 2062 modo]
512 2021 556 2054 ist
582 2030 650 2053 von
677 2020 736 2054 der
760 2019 834 2053 Zeit

139 2079 182 2103 zu
208 2068 366 2102 nehmen.

186 2116 310 2149 9—11.
331 2113 468 2157 Philipp
481 2112 572 2145 kann
584 2123 650 2146 von
662 2121 726 2145 uns
740 2111 834 2144 nicht

142 2159 291 2201 sordem,
317 2159 392 2193 dass
419 2159 481 2192 wir
502 2157 564 2191 das
582 2157 736 2191 Bsindnis
762 2157 834 2190 hal-

143 2209 202 2240 ten
215 2205 338 2247 sollen,
356 2205 399 2238 da
413 2214 450 2238 er
463 2214 500 2238 es
514 2204 625 2237 selbst
643 2204 737 2237 nicht
752 2203 836 2236 halt.

187 2254 218 2286 9.
243 2252 458 2294 religionem
491 2251 676 2290 iniciebat]
712 2249 836 2282 dessen

142 2297 355 2340 Verletzung
385 2306 421 2330 er
454 2295 506 2329 als
531 2295 835 2329 Gewissenssache

142 2343 335 2382 darstellte;
363 2341 424 2375 das
441 2341 538 2385 Impf.
558 2342 603 2374 ist
619 2341 670 2374 als
686 2341 836 2374 Gonatus

142 2400 186 2424 zu
210 2389 368 2423 nehmen.
393 2407 439 2412 —
455 2387 750 2420 Lacedaemoniis
767 2386 836 2427 θη*

142 2454 188 2459 —-
212 2446 285 2468 non
309 2434 415 2468 modo
430 2461 438 2468 .
453 2435 474 2474 .]
493 2443 520 2467 S.
539 2444 580 2467 zu
599 2435 653 2475 20,
671 2436 701 2467 7.
728 2452 773 2456 —
789 2433 838 2464 sit

142 2482 368 2522 inventurus]
400 2479 537 2513 bezieht
569 2479 640 2512 sich
667 2478 753 2512 auch
780 2477 839 2511 auf

141 2527 377 2569 praesidium,
400 2542 447 2555 =
469 2527 519 2558 sit
543 2526 744 2558 habiturus.

196 2573 247 2606 10.
265 2582 337 2606 non
351 2573 479 2614 magis]
498 2570 592 2613 wie§
608 2573 638 2609 l;
655 2581 714 2603 zur
724 2568 834 2603 Sache

908 1746 1111 1785 extrahere]
1139 1745 1271 1778 seltene
1298 1743 1451 1781 Konstr.;
1478 1753 1506 1777 s.
1525 1742 1599 1776 Per.

907 1792 966 1829 30;
994 1790 1080 1833 Nep.
1106 1791 1175 1823 Ait.
1202 1794 1233 1831 4,
1262 1792 1297 1827 2;
1326 1789 1416 1822 Curi.
1444 1790 1475 1829 3,
1494 1790 1525 1829 7,
1548 1789 1598 1821 13.

956 1839 1006 1870 11.
1034 1836 1188 1878 illigari]
1209 1847 1234 1868 s.
1255 1837 1308 1875 33,
1332 1837 1382 1873 12,
1402 1836 1456 1872 13;
1477 1843 1513 1867 es
1532 1833 1598 1866 soll

907 1882 1116 1925 angedeutet
1144 1881 1292 1918 werden,
1319 1880 1393 1913 dass
1413 1879 1522 1913 schon
1540 1878 1600 1911 da-

906 1928 994 1961 mals
1019 1928 1073 1961 die
1106 1938 1175 1960 von
1209 1927 1279 1959 ihm
1311 1928 1504 1959 vertretene
1530 1925 1599 1957 An-

905 1974 995 2007 sicht
1022 1973 1219 2016 geherrscht
1245 1972 1343 2005 habe.

956 2021 1100 2053 12—15.
1128 2018 1192 2052 Der
1214 2018 1385 2060 bisherige
1403 2016 1521 2059 Erfolg
1539 2015 1599 2049 des

907 2065 1027 2108 Kriegs
1053 2064 1121 2098 und
1146 2065 1200 2098 die
1226 2063 1358 2105 Macht,
1386 2062 1519 2096 welche
1545 2061 1599 2094 die

907 2111 1031 2145 Romer
1064 2110 1232 2145 entsalten
1257 2111 1452 2151 (16-20),
1485 2108 1599 2141 lasseu

907 2157 959 2190 fni·
970 2157 1106 2201 Philipp
1122 2157 1222 2190 einen
1237 2155 1505 2199 ungli'icklichen
1513 2154 1600 2186 Aus-

909 2213 1000 2246 gang
1025 2206 1207 2237 erwarten.
1424 2237 1437 2242 „

958 2251 1009 2283 12.
1036 2259 1077 2282 ao
1095 2250 1184 2281 milii
1201 2248 1345 2290 quidem
1361 2248 1399 2286 ..]
1418 2244 1601 2287 Ubergang

908 2305 948 2327 zu
972 2295 1049 2328 dem
1067 2294 1266 2333 Gedanken,
1284 2293 1359 2325 dass
1380 2290 1516 2333 Philipp
1535 2289 1600 2323 den

907 2340 1057 2374 Romern
1078 2341 1168 2381 Jetzt
1193 2339 1286 2372 nicht
1311 2336 1519 2380 gewachsen
1544 2335 1599 2368 ist.

907 2405 952 2410 —
968 2388 1066 2418 inter
1081 2388 1127 2425 se]
1155 2385 1185 2418 d.
1205 2385 1236 2417 h.
1255 2385 1289 2417 in
1307 2384 1403 2416 ihren
1421 2380 1600 2414 einzelnen

908 2430 1028 2465 Tellen
1062 2432 1155 2464 nicht
1188 2426 1535 2465 fibereinstimmend3
1572 2436 1598 2459 s.

907 2479 962 2517 33,
982 2479 1031 2517 12,
1046 2479 1076 2510 5.
1091 2495 1135 2500 -—-
1149 2477 1211 2518 qui
1227 2477 1364 2518 prioris
1379 2473 1470 2514 belli]
1484 2472 1600 2506 hierzu

907 2522 951 2555 ist
975 2522 1090 2562 fuerit
1115 2532 1176 2554 aus
1195 2521 1277 2560 fore
1294 2517 1597 2554 hinzuzudenken:

908 2567 975 2611 vgl.
1004 2578 1044 2600 zu
1065 2569 1116 2609 12,
1136 2569 1190 2609 37,
1209 2568 1240 2600 8.
1260 2586 1302 2590 —
1321 2566 1472 2610 prioris]
1498 2574 1525 2600 s.
1545 2565 1599 2603 24,

1629 273 1645 304 7

1628 846 1663 879 lo

1626 1017 1660 1050 11.

1627 1188 1663 1221 12
