1747 2828
676 79 801 112 LIBER
825 78 983 112 XXXllll.
1033 78 1125 112 CAP.
1154 81 1207 113 54.

214 79 294 118 170
1380 97 1406 116 a.
1423 98 1452 117 u.
1471 98 1495 117 c.
1514 91 1575 117 560.
1594 91 1656 118 561.

212 212 233 237 a
254 197 403 249 populo
425 203 598 235 secretus
619 195 830 247 spectavit,
860 194 1120 246 praebuitque
1141 207 1368 242 sermones,
1400 196 1503 235 sicut
1524 195 1653 235 omnis

214 255 361 293 novitas
378 253 489 300 solet,
505 251 589 291 aliis
606 252 775 298 tandem,
793 252 898 303 quod
915 251 1039 291 multo
1056 259 1146 290 ante
1163 252 1354 299 debuerit,
1370 252 1560 292 tributum
1575 253 1650 291 exi-

161 319 179 349 5
209 310 460 350 stimantibus
476 309 716 361 amplissimo
736 308 878 355 ordini,
901 308 987 347 aliis
1009 308 1210 361 demptum
1233 321 1280 348 ex
1295 309 1483 360 dignitate
1499 309 1654 362 populi,

212 367 400 420 quidquid
433 366 625 405 maiestati
657 373 810 418 patrum
841 365 1037 404 adiectum
1070 374 1194 413 esset,
1233 365 1585 418 interpretantibus
1617 374 1654 405 et

212 425 343 463 onmia
371 423 595 462 discrimina
617 423 726 470 talia,
759 421 902 474 quibus
934 422 1091 461 ordines
1122 423 1464 471 discernerentur,
1495 431 1533 462 et
1557 435 1653 462 con-

161 492 179 519 o
211 481 364 520 cordiae
386 488 423 519 et
444 479 635 519 libertatis
656 493 802 531 aequae
823 479 1061 518 minuendae
1083 493 1180 518 esse.
1223 480 1270 518 ad
1292 479 1654 531 quingentesimum

211 540 564 590 quinquayesimum
596 544 773 576 octavum
805 547 955 574 annum
977 536 1017 574 in
1049 536 1276 587 promiscuo
1305 544 1522 589 spectatum
1545 548 1652 584 esse3

211 595 302 646 quid
325 602 488 644 repente
511 595 670 640 sactum,
704 607 775 633 cur
795 592 1009 631 immisceri
1040 593 1113 632 sibi
1135 594 1175 632 in
1198 606 1313 633 cavea
1343 601 1477 646 patres
1498 593 1654 646 plebem

159 661 177 691 τ
207 650 387 691 nollent?
410 664 480 690 cur
501 651 607 690 dives
629 662 843 703 pauperem
866 661 1138 689 consessorem
1170 649 1390 690 fastidiret?
1412 662 1564 697 novam,
1588 663 1654 689 su-

209 708 369 761 perbam
392 708 616 754 libidinem,
648 708 694 747 ab
718 707 866 747 nullius
886 714 977 745 ante
998 708 1126 757 gentis
1148 715 1285 747 senatu
1307 720 1437 759 neque
1458 707 1655 747 desidera-

154 774 173 805 S
202 774 280 805 tam
311 778 439 816 neque
461 765 692 804 institutam.
731 766 932 817 postremo
955 763 1087 815 ipsum
1110 777 1269 816 quoque
1285 764 1527 812 Africanum,
1550 764 1655 816 quod

206 855 282 888 dius
319 854 512 897 eingesiihrt
549 854 683 889 wurde:
725 855 794 896 vgl.
832 853 893 886 Dio

207 901 299 934 Cass.
327 902 380 941 60,
408 902 439 933 ἵ.
481 899 776 933 Wahrscheiulich
807 909 895 932 wur-

207 946 271 979 den
298 945 352 978 die
377 945 435 978 der
453 945 573 978 Biihne
594 946 758 978 niichsten
776 945 894 978 Platze

207 992 312 1024 durch
354 992 451 1024 einen
493 990 680 1033 Verschlag
720 1002 788 1023 von
829 990 897 1023 den

206 1038 350 1079 iibrigen
383 1037 417 1069 in
452 1036 510 1069 der
535 1036 644 1069 Cavea
671 1043 711 1078 (s.
732 1037 753 1079 ξ
774 1038 807 1077 6)
839 1046 896 1078 ge-

207 1087 330 1115 trennt.
367 1102 408 1106 —
436 1084 672 1124 praebuitque
703 1083 893 1121 sermones]

208 1128 308 1160 naml.
326 1128 379 1160 die
394 1138 480 1161 neue
503 1127 624 1164 Sache,
643 1127 697 1160 die
711 1127 895 1169 Neuerung

204 1175 360 1211 (novitas
388 1174 432 1205 im
464 1173 677 1215 folgenden);
703 1184 762 1206 zur
783 1172 895 1206 Situa-

206 1219 278 1251 tion
313 1219 380 1262 vgl.
417 1222 447 1259 3,
480 1222 534 1260 55,
563 1220 600 1257 2;
636 1218 715 1252 Tac.
750 1219 837 1252 Ann.
866 1222 894 1260 1,

206 1264 287 1303 4ff.;
317 1267 346 1305 1,
372 1269 402 1297 9.

253 1315 284 1345 5.
311 1309 491 1352 demptum
517 1321 562 1342 ea·
579 1335 588 1342 .
603 1312 623 1350 .]
642 1311 711 1351 vgl.
728 1312 758 1350 3,
773 1312 826 1350 33,
845 1312 894 1347 10;

208 1358 238 1395 7,
252 1360 306 1391 41,
323 1358 358 1393 ὃ;
378 1358 409 1393 S,
426 1358 479 1397 34,
494 1358 525 1389 6.
553 1375 595 1378 —
624 1357 895 1398 interpretanti-

207 1403 282 1442 bus]
295 1399 367 1434 ‘der
386 1400 494 1433 Sache
510 1401 563 1433 die
583 1400 741 1443 Deutung
759 1396 894 1443 gaber&

206 1458 232 1479 s.
248 1450 279 1487 3,
293 1449 346 1487 20,
361 1442 397 1483 5'2
413 1448 443 1481 6,
464 1448 515 1487 16,
527 1449 556 1479 7.
572 1466 615 1469 —
630 1447 843 1478 dz'sc1·i7nina
855 1471 862 1479 .
873 1448 895 1486 .]

206 1493 275 1535 vgl.
303 1496 331 1532 1,
353 1493 407 1531 42,
423 1496 454 1525 4.
479 1510 524 1515 —-
549 1494 715 1534 aequae*]
742 1503 767 1525 s,
804 1495 836 1533 4,
864 1494 894 1531 5,

209 1541 238 1571 1.
263 1541 299 1573 5:
325 1540 379 1575 45,
395 1539 448 1577 32,
463 1541 502 1575 5;
529 1548 588 1570 zur
602 1536 739 1570 Konstr.
754 1548 780 1571 s.
795 1547 837 1570 zu
863 1539 894 1578 3,

206 1585 262 1624 24,
290 1587 319 1617 1.

243 1632 274 1663 6.
286 1629 334 1660 ad
343 1630 664 1671 quingentesimum
676 1656 682 1663 ,
692 1629 712 1667 .]
724 1627 809 1660 nach
819 1626 895 1660 Vat.

208 1674 295 1707 Max.
320 1684 389 1716 per
422 1676 636 1716 quingentos
655 1676 690 1705 et
721 1675 898 1715 quinqua—

205 1722 312 1761 ginta
339 1722 414 1751 octo
442 1730 570 1756 annos;
596 1719 651 1751 bei
676 1718 747 1751 Liv.
773 1720 896 1751 erwar-

209 1771 278 1799 tete
312 1775 390 1797 man
417 1765 501 1797 nach
531 1765 642 1797 seiner
667 1764 895 1806 Chronologie

208 1812 249 1852 (s.
265 1813 318 1851 31,
332 1814 403 1851 1,4)
416 1812 605 1852 septimum
619 1814 702 1842 statt
715 1813 894 1848 octavmn;

210 1867 236 1890 s.
262 1855 359 1889 Mms.
375 1856 496 1889 Cliron.
515 1858 590 1889 121.
615 1874 660 1879 -
684 1857 723 1887 in
743 1857 896 1898 promis-

210 1901 544 1942 cuo]*—lactum*]
559 1901 660 1934 niiml.
676 1912 746 1933 esse
760 1915 767 1939 ;
785 1901 896 1934 davon

209 1947 344 1990 hisingen
375 1947 428 1979 die
458 1946 582 1979 beiden
615 1946 715 1979 satze
747 1948 808 1979 mit
833 1957 898 1979 eur

210 1993 263 2026 ab.
300 2011 339 2016 —-
375 1995 494 2032 cavea]
528 1993 574 2024 im
608 1991 822 2035 Gegensatze
856 2002 897 2025 zu

210 2038 270 2070 der
294 2049 435 2077 scaena,
460 2038 519 2070 der
535 2037 655 2079 Reum,
681 2048 736 2069 wo
762 2037 816 2070 die
833 2037 899 2070 Zu-

211 2084 354 2116 schauer
371 2084 506 2121 stenem
535 2093 561 2116 S.
580 2084 634 2123 24,
650 2085 703 2123 39,
719 2086 750 2116 5.
776 2103 820 2107 —
846 2084 899 2115 di-

210 2131 279 2169 ves]
315 2128 369 2161 die
403 2127 609 2166 Senatoren;
640 2139 666 2160 s.
694 2131 749 2169 31,
777 2131 828 2161 17.
854 2148 899 2152 --

211 2174 460 2216 consessorem}
474 2174 544 2216 vgl.
559 2173 627 2206 Cic.
641 2173 773 2207 Cornel.
790 2173 823 2207 S.
838 2176 898 2207 69:

211 2232 232 2252 ιι
249 2220 421 2262 populari
438 2230 600 2252 consessu
617 2221 803 2251 senatoria
820 2221 899 2251 sub-

210 2265 311 2298 sellia
325 2267 491 2307 separari
498 2278 505 2302 ;
524 2265 566 2297 de
585 2265 720 2306 harusp.
735 2275 824 2307 resp.
838 2267 898 2298 24:

208 2311 336 2353 populi
369 2320 583 2347 consessum;
616 2320 652 2342 es
685 2310 825 2343 werden
858 2320 897 2343 so

213 2355 331 2389 Sitze
349 2359 620 2398 vorausgesetzt‚
637 2354 815 2388 vielleicht
829 2365 898 2388 wa-

212 2411 271 2434 ren
296 2412 333 2434 es
358 2411 420 2433 nur
436 2412 506 2434 von
534 2401 598 2434 den
618 2401 794 2434 einzelnen
821 2401 898 2433 mit-

214 2447 398 2488 gebrachte
429 2446 558 2485 Sessel,
592 2445 633 2478 da
664 2456 700 2479 es
733 2447 818 2479 nach
842 2449 898 2486 41,

214 2493 267 2529 27,
294 2494 331 2527 6;
366 2490 439 2524 Per.
466 2494 508 2525 48
540 2491 669 2524 damals
705 2493 793 2525 noch
819 2492 898 2524 kein

214 2536 395 2569 stehendes
429 2535 576 2570 Theater
611 2537 691 2579 gab;
727 2537 795 2580 vgl.
825 2536 895 2569 Val.

966 851 1055 886 Max.
1079 854 1110 891 2,
1132 855 1164 890 4,
1185 855 1223 890 2;
1249 852 1355 896 Marq.
1375 854 1407 893 3,
1428 855 1504 887 509.
1530 872 1574 876 ——
1599 864 1656 886 su-

964 900 1112 941 perbam
1142 899 1338 938 libidinem]
1373 899 1474 932 niiml.
1501 910 1588 938 esse;
1620 909 1656 932 es

967 944 1017 976 sei
1032 943 1192 984 Willkiir,
1211 943 1438 977 willkiirliche
1447 944 1471 977 F
1475 944 1655 987 orderung,

967 989 1021 1022 die
1048 989 1121 1022 sich
1146 999 1188 1021 au
1221 989 1322 1022 keine
1348 989 1455 1031 Sitte,
1487 989 1566 1023 kein
1592 989 1657 1023 Ge-

967 1039 1039 1067 setz
1065 1034 1178 1067 binde.

1015 1082 1046 1114 8.
1070 1079 1301 1121 Africanum]
1328 1079 1399 1112 Liv.
1426 1080 1559 1113 seheint
1584 1080 1657 1113 hier

968 1126 1061 1158 nicht
1091 1126 1168 1158 dein
1195 1129 1251 1166 44,
1277 1128 1296 1158 5
1324 1124 1496 1168 Ges‘agten
1528 1136 1571 1159 zu
1596 1126 1658 1158 wi-

967 1171 1217 1214 dersprechen,
1242 1170 1391 1204 sondern
1416 1171 1574 1204 dasselbe
1600 1181 1658 1214 ge-

968 1227 1074 1250 nauer
1099 1216 1255 1259 angeben
1279 1216 1350 1249 und
1375 1226 1480 1259 sagen
1505 1227 1547 1250 zu
1571 1216 1656 1249 wol-

967 1262 1035 1302 len,
1062 1261 1177 1306 Scipio
1203 1262 1291 1295 habe
1315 1261 1370 1295 die
1388 1261 1497 1295 Sache
1522 1273 1586 1295 nur
1609 1263 1656 1295 im

968 1308 1095 1341 Senate
1130 1318 1188 1341 zur
1214 1307 1365 1351 Sprache
1390 1307 1570 1350 gebracht,
1602 1307 1656 1341 die

968 1353 1140 1386 Censor-en
1166 1353 1233 1386 den
1253 1352 1554 1386 Senatsbeschluss
1581 1363 1658 1386 aus-

969 1399 1117 1442 geffihrt.
1165 1398 1261 1431 Noch
1280 1399 1494 1432 bestimmter
1518 1399 1590 1441 legt
1605 1398 1658 1431 Ci-

968 1455 1046 1478 cero
1078 1445 1131 1477 die
1155 1444 1264 1477 Sache
1291 1444 1368 1477 dem
1393 1444 1573 1478 Africanus
1597 1444 1654 1477 bei

969 1490 1009 1523 de
1036 1490 1172 1532 harusp.
1199 1499 1287 1532 resp.
1315 1492 1376 1523 24:
1409 1491 1535 1532 quibus
1561 1489 1655 1522 ludis

967 1535 1084 1577 (Mega
1089 1535 1179 1567 lensi
1182 1537 1258 1576 bus)
1261 1537 1422 1578 primum
1432 1539 1514 1568 ante
1527 1536 1656 1577 populi

968 1591 1168 1613 consessum
1187 1582 1331 1613 senatui
1356 1581 1472 1613 locum
1495 1581 1533 1613 P.
1551 1579 1654 1619 Afri-

968 1637 1080 1659 canus
1117 1628 1249 1658 ‘iterum
1286 1627 1412 1659 consul
1441 1626 1502 1658 ille
1537 1628 1656 1658 maior

969 1672 1083 1711 dedit;
1108 1672 1177 1714 vgl.
1205 1671 1338 1706 Cornel.
1356 1671 1392 1705 S.
1411 1673 1472 1705 59:
1499 1672 1537 1704 P.
1553 1670 1656 1710 Afri-

967 1728 1079 1750 canus
1110 1718 1171 1750 ille
1200 1718 1366 1760 superior
1398 1717 1534 1750 dieitur
1564 1741 1572 1750 .
1599 1743 1608 1752 .
1635 1729 1656 1749 α

967 1775 1003 1795 se
1021 1765 1096 1806 ipso
1113 1773 1216 1805 saepe
1232 1765 1423 1796 aecusatus
1443 1773 1524 1804 esse,
1549 1763 1655 1804 quod,

968 1819 1048 1841 cum
1089 1809 1214 1841 consul
1244 1812 1332 1841 esset
1355 1835 1363 1842 .
1393 1833 1418 1849 .‚
1445 1818 1572 1851 passus
1607 1819 1658 1840 es-

967 1858 1020 1886 set
1043 1857 1119 1886 tum
1138 1855 1299 1897 primum
1331 1864 1352 1885 α
1371 1854 1548 1896 populari
1574 1863 1656 1886 con-

967 1911 1064 1932 sessu
1087 1901 1271 1932 senatoria
1287 1899 1454 1932 subsellia
1471 1901 1655 1941 separari;

969 1946 1056 1979 dazu
1072 1945 1259 1978 Asconius:
1284 1955 1358 1977 non
1372 1947 1577 1987 praeterire
1594 1955 1658 1977 au-

970 1995 1040 2023 tem
1064 2002 1124 2023 vos
1149 1991 1229 2023 volo
1255 2002 1326 2022 esse
1351 1992 1534 2023 oratoriae
1557 1990 1657 2023 calli-

969 2037 1105 2078 ditatis,
1128 2039 1187 2078 ut,
1210 2046 1288 2068 cum
1316 2046 1402 2078 opus
1430 2038 1499 2075 est,
1524 2035 1655 2068 eisdem

969 2084 1075 2115 rebus
1099 2084 1141 2115 ab
1167 2084 1320 2124 utraque
1335 2083 1439 2124 parte
1457 2081 1513 2113 vel
1527 2092 1548 2113 a
1575 2091 1657 2113 cou-

970 2129 1098 2160 trariis
1121 2130 1284 2160 utantur.
1320 2137 1404 2159 nam
1430 2136 1510 2158 cum
1533 2137 1658 2159 secun-
1694 2126 1697 2127 ⁷

971 2174 1055 2206 dum
1074 2173 1256 2206 Ciceronis
1280 2173 1484 2214 opinionem
1507 2174 1657 2204 auctore

970 2219 1137 2261 Scipione
1162 2218 1304 2251 consule
1328 2216 1461 2250 aediles
1482 2220 1657 2250 secretum

970 2289 979 2298 .
993 2289 1001 2297 .
1021 2265 1137 2296 locum
1153 2263 1340 2306 spectandi
1354 2263 1581 2295 senatoribus
1599 2262 1656 2295 de-

971 2310 1100 2350 derint,
1112 2334 1120 2342 .
1131 2335 1138 2343 .
1144 2309 1365 2351 paenituisse
1378 2309 1432 2340 ait
1440 2308 1655 2350 Scipionem,

969 2356 1065 2398 quod
1081 2365 1211 2398 passus
1228 2356 1315 2385 esset
1332 2354 1371 2386 id
1385 2353 1488 2393 βοή,
1512 2355 1552 2385 in
1576 2364 1658 2386 ora-

970 2403 1065 2433 tione
1102 2401 1144 2432 de
1176 2402 1382 2441 aruspicum
1417 2409 1586 2442 responso
1613 2425 1621 2432 .
1648 2425 1656 2432 .

970 2449 1084 2488 ipsum
1120 2447 1227 2477 etiam
1263 2444 1400 2476 dedisse
1437 2444 1542 2482 dcci&
1580 2443 1656 2478 Val.

969 2491 1058 2524 Max,
1091 2496 1195 2523 neunt
1219 2491 1250 2528 2,
1277 2493 1310 2529 4,
1336 2492 1355 2523 3
1373 2489 1450 2526 eden
1475 2490 1655 2522 Africanus

970 2537 1150 2581 posterior,
1174 2536 1255 2568 aber
1279 2538 1311 2575 4,
1337 2538 1369 2576 ὃ,
1400 2539 1414 2569 1
1441 2535 1564 2578 richtig
1589 2534 1656 2567 den
