1795 2844
95 137 101 142 ·
124 99 228 128 a.C1n.
241 108 271 127 n.
293 99 352 127 195.

125 205 308 245 dominos
323 205 414 245 dici.
456 205 659 246 invidiosis
674 204 906 245 nominibus
927 204 1114 245 utebatur
1129 205 1248 245 modo
1268 205 1410 245 consul
1427 206 1587 246 seditio·
1618 213 1656 247 14

574 88 702 123 LIBER
724 87 885 123 XXXIIII.
934 88 1030 124 CAP.
1056 91 1088 125 7.
1113 91 1144 124 8.

1503 87 1583 128 105

124 275 216 303 nem
245 262 483 303 muliebrem
506 270 545 304 et
573 264 839 303 secessionem
870 262 1122 327 appellando.
1164 263 1202 303 id
1234 263 1340 303 enim
1362 264 1587 316 periculum

123 327 195 369 est,
228 333 279 360 ne
301 320 467 361 Sacrum
489 328 680 369 montem,
709 320 813 360 sicut
834 321 1036 373 quondam
1059 321 1156 361 irata
1179 320 1305 373 plebs,
1337 328 1405 361 aut
1425 322 1587 362 Aventi-

123 390 218 419 num
238 378 418 431 capiant3
440 402 497 408 —
514 379 744 431 patiendum
765 378 859 418 huic
880 378 1100 418 infirmitati
1118 385 1192 425 est,
1215 379 1496 442 quodcumque
1517 392 1587 419 vos
1617 386 1655 419 15

124 436 373 476 censueritis.
412 449 490 489 quo
509 436 600 489 plus
616 436 796 489 potestis,
821 448 866 475 eo
889 436 1156 476 moderatius
1148 437 1316 489 imperio
1334 437 1392 476 uti
1407 430 1580 478 dehetis.³

238 493 346 534 Haec
369 506 459 534 cum
482 500 621 534 contra
643 493 770 545 legem
794 506 950 546 proque
972 492 1059 545 lege
1082 493 1184 533 dicta
1208 500 1352 540 essent,
1382 494 1584 547 aliquanto
1612 499 1635 535 8

121 551 248 592 maior
270 551 494 605 frequentia
527 550 740 591 mulierum
763 557 926 604 postero
950 524 1032 590 dieo
1034 563 1120 590 sese
1141 551 1183 590 in
1206 551 1413 604 publicum
1435 552 1586 601 effudit,

122 621 286 661 unoque
307 609 464 660 agmine
488 621 628 649 omnes
643 609 861 649 Brutorum
883 609 1022 648 ianuas
1044 608 1298 657 obsederunt,
1323 610 1390 662 qui
1414 610 1585 662 collega·
1616 617 1635 649 2

120 679 210 707 rum
231 666 430 718 rogationi
454 666 765 715 intercedebant,
788 679 863 706 nec
884 673 976 706 ante
998 665 1248 715 abstiterunt,
1281 680 1399 720 quam
1421 668 1587 708 remissa

122 724 358 764 intercessio
395 723 442 763 ab
479 724 652 764 tribunis
684 731 753 764 est.
807 723 916 764 nulla
954 724 1095 764 deinde
1134 724 1325 764 dubitatio
1359 725 1453 773 fuit,
1490 726 1587 778 quin
1617 732 1636 764 3

122 794 262 821 omnes
294 781 419 821 trihus
449 781 578 834 legem
608 781 860 835 abrogarent.
902 782 1040 834 viginti
1073 782 1188 822 annis
1210 790 1301 834 post
1322 782 1507 835 abrogata
1530 791 1588 824 est

122 851 242 892 quam
262 837 351 878 lata.

234 896 286 936 Μ.
309 896 476 937 Porcius
507 896 672 945 consul,
704 902 918 950 postquam
951 896 1137 948 abrogata
1160 896 1222 936 lex
1246 896 1376 950 Oppia
1407 905 1488 945 est,
1521 911 1587 939 ex·
1617 906 1637 939 4

118 954 267 1007 templo
289 954 429 1006 viginti
447 954 625 1007 quinque
648 954 814 994 navibus
830 954 977 1006 longis,
1001 966 1170 1007 quarum
1189 954 1367 1007 quinque
1385 956 1586 996 sociorum

119 1018 249 1060 erant,
280 1012 328 1052 ad
349 1011 488 1052 Lunae
511 1019 672 1065 portum
706 1013 912 1065 profectus
935 1019 994 1052 est
1016 1013 1154 1052 eodem
1178 1012 1351 1052 exercitu
1375 1014 1587 1054 convenire

118 1070 227 1109 iusso
268 1077 307 1110 et
337 1069 466 1110 edicto
499 1083 572 1122 per
601 1082 711 1110 oram
741 1070 981 1110 maritimam
1010 1070 1133 1109 misso
1164 1069 1328 1110 navibus
1368 1072 1498 1111 omnis
1520 1084 1587 1124 ge·
1617 1079 1636 1111 5

117 1128 226 1167 neris
248 1127 462 1167 contractis
482 1127 530 1167 ab
553 1127 666 1167 Luna
695 1127 958 1180 proficiscens
981 1127 1118 1175 edixit,
1146 1134 1190 1167 ut
1211 1128 1260 1167 ad
1281 1135 1444 1180 portum
1464 1128 1585 1182 Pyre-

166 1241 219 1273 14.
244 1239 447 1281 invidiosis]
474 1249 501 1273 5.
525 1241 556 1281 9,
575 1241 630 1282 29,
649 1243 682 1275 7.
709 1260 753 1265 —
778 1240 819 1273 id

120 1287 228 1327 enim]
254 1285 322 1319 wie
342 1286 362 1328 ξ
384 1288 445 1320 11:
469 1287 617 1330 scilieet,
643 1287 815 1320 ironische

116 1331 368 1375 Widerlegung
392 1342 462 1365 von
488 1333 519 1373 2,
536 1334 567 1365 7.
590 1352 635 1357 —-
662 1333 815 1366 Sacrum

115 1378 284 1421 montem]
312 1387 338 1411 s.
357 1388 399 1411 zu
426 1380 457 1419 2,
473 1379 526 1420 32,
542 1379 574 1413 3.

166 1425 218 1458 15.
238 1424 476 1467 patiendum.
494 1426 516 1465 .]
543 1423 627 1458 weit
652 1424 814 1466 entfernt‚

117 1469 192 1503 dass
218 1470 268 1503 sie
292 1470 478 1504 herrschen
497 1470 647 1512 konnen,
673 1474 814 1505 miissen

116 1516 167 1549 sie
192 1527 225 1549 u.
252 1526 278 1549 5.
305 1526 350 1549 w,
383 1535 429 1540 —
461 1519 685 1558 censueritis]
721 1528 746 1551 5.
774 1528 816 1551 zu

116 1563 172 1604 21,
188 1564 241 1604 19,
256 1564 287 1596 3.

163 1608 201 1643 8.
228 1610 257 1642 1.
278 1618 422 1652 proque
448 1608 536 1651 lege]
563 1618 591 1642 5.
617 1619 659 1642 zu
686 1609 740 1650 29,
764 1611 816 1651 19,

119 1656 170 1688 10.
189 1673 234 1680 -
258 1657 403 1697 postero
422 1654 491 1696 die]
518 1654 562 1688 ob
589 1654 644 1688 die
664 1654 818 1689 Abstim-

116 1710 224 1743 mung
239 1710 282 1734 an
296 1699 499 1734 demselben
513 1700 641 1743 erfolgt
658 1701 715 1742 ist,
734 1702 817 1744 geht

116 1756 179 1780 aus
206 1746 272 1780 den
294 1745 439 1780 Worten
466 1746 561 1780 nicht
587 1746 723 1780 hervor.

162 1793 194 1826 2.
220 1792 460 1833 Brutorum?
483 1811 528 1816 —-
559 1792 814 1834 obsederuntJ*

114 1857 158 1862 —-
173 1840 376 1881 rogationi]
387 1837 405 1856 *
419 1857 465 1861 ———
478 1840 629 1871 remissa
644 1839 730 1882 est*]
753 1839 814 1873 das

113 1882 206 1917 Pers.
239 1883 310 1917 Ind.
346 1883 435 1918 nach
463 1895 536 1916 non
564 1887 671 1927 prins
703 1887 818 1927 (ante)

116 1940 235 1973 quam,
260 1929 329 1963 wie
358 1931 408 1972 12,
437 1932 472 1969 8;
504 1931 557 1971 33,
585 1933 615 1971 7,
644 1933 684 1964 12
711 1942 744 1964 u.
763 1941 812 1971 a.;

116 1986 143 2009 s.
168 1986 211 2010 zu
238 1977 293 2017 23,
308 1977 416 2019 30‚4;
442 1976 512 2019 vgl.
530 1978 583 2017 10,
599 1979 630 2011 6.

162 2023 193 2056 3.
208 2023 314 2065 quin.
331 2047 340 2055 .
357 2023 592 2065 abrogarent]
619 2022 704 2056 kurz
729 2026 814 2057 statt

115 2070 204 2111 quin
221 2069 478 2111 abrogaretur,
504 2072 539 2101 et
556 2079 676 2102 omnes
700 2070 817 2102 tribus

115 2115 361 2157 abrogarunt;
389 2125 415 2149 5.
430 2116 486 2157 23,
501 2116 556 2157 24,
571 2116 602 2149 3.
620 2135 665 2139 —
684 2117 818 2158 viginti

115 2162 234 2201 annis]
261 2170 287 2194 5.
303 2161 335 2203 6,
349 2161 381 2194 9.

162 2206 197 2248 8,
219 2207 321 2241 4-9,
349 2206 452 2240 Catos
467 2206 615 2240 Abfahrt
630 2206 717 2240 nach
732 2206 817 2250 Spa-

116 2252 207 2286 nien.
243 2252 421 2296 Emporia.
439 2252 516 2286 Val.
532 2251 623 2287 Max„
646 2256 678 2295 4,
701 2255 731 2295 3,
755 2255 814 2292 11;

115 2297 198 2332 Zon.
213 2299 246 2339 9,
263 2299 314 2332 17.

207 2346 240 2378 4.
264 2343 464 2388 sociorum]
491 2344 551 2378 der
575 2344 814 2387 griechischen

116 2387 238 2423 Stadte
252 2400 296 2423 an
314 2390 373 2424 der
386 2389 494 2424 Kfiste
509 2390 661 2432 Italiens,
680 2391 814 2424 welche

118 2435 206 2468 nach
231 2435 327 2469 ihren
345 2435 565 2470 Bandnissen
585 2435 712 2470 Schifle
731 2440 815 2470 statt

115 2479 279 2525 Truppen
310 2482 463 2518 stellten.
498 2501 543 2506 —
576 2482 703 2515 Lunae
729 2494 816 2526 por-

118 2527 206 2567 tum]
225 2537 252 2560 5.
269 2528 323 2569 39,
337 2529 393 2570 21,
406 2530 444 2567 4;
470 2527 559 2561 Ptin.
575 2529 607 2570 3,
623 2531 686 2563 50:
713 2530 814 2572 oppi-

117 2573 203 2605 dum
225 2572 331 2606 Luna
350 2577 466 2617 portu
489 2575 625 2615 nobile,
652 2574 765 2609 Lucan
781 2576 813 2618 2,

887 1242 971 1274 426:
987 1239 1113 1273 Macra
1129 1266 1136 1273 .
1153 1265 1160 1273 .
1172 1243 1360 1283 percurrit
1373 1243 1411 1274 z'n
1425 1253 1585 1285 aequora

887 1286 1030 1323 Lunae:
1067 1286 1127 1320 der
1155 1287 1183 1328 j.
1211 1286 1292 1320 Golf
1323 1297 1391 1320 von
1428 1287 1586 1332 Spezzia,

887 1332 1040 1365 welcher
1073 1332 1159 1366 nach
1185 1332 1245 1365 der
1270 1333 1427 1367 nordlich
1457 1344 1499 1368 an
1526 1335 1586 1368 der

886 1377 1066 1421 Miindung
1092 1378 1152 1412 des
1169 1377 1296 1421 Macra,
1322 1389 1433 1422 gegen
1460 1383 1477 1413 Τ
1501 1380 1587 1415 Mei-

886 1424 944 1458 ]en
969 1435 1037 1458 von
1056 1423 1136 1458 Pisa
1163 1425 1355 1468 gelegenen
1375 1425 1473 1460 Stadt
1493 1427 1585 1461 Luna

887 1472 928 1510 (s.
943 1471 998 1511 56,
1014 1472 1046 1511 2)
1065 1475 1217 1513 genannt
1232 1481 1314 1504 war.
1330 1491 1374 1495 —
1395 1477 1586 1506 convenire

888 1519 996 1557 iusso]
1023 1527 1049 1549 S.
1070 1519 1100 1555 6,
1117 1518 1170 1558 22,
1186 1519 1223 1555 ὃς
1256 1520 1307 1558 10,
1322 1519 1376 1559 33,
1391 1521 1422 1552 9.

937 1565 967 1596 5.
993 1563 1110 1596 edicto
1137 1588 1145 1596 .
1162 1588 1170 1596 .
1194 1565 1314 1604 misso]
1341 1564 1386 1597 ist
1410 1564 1524 1599 Mittel
1543 1577 1585 1600 zu

887 1610 1043 1641 navibus
1061 1634 1068 1642 .
1082 1634 1090 1642 .
1110 1612 1322 1648 contraotz's;
1347 1614 1448 1644 unter
1466 1611 1584 1646 diesen

890 1655 966 1688 sind
983 1654 1295 1699 Transportschiffe
1313 1667 1355 1689 zu
1381 1658 1583 1697 verstehen;

889 1701 959 1744 vgl.
974 1702 1029 1742 29,
1045 1703 1099 1742 26,
1115 1703 1144 1735 3.
1171 1721 1216 1726 —
1242 1702 1373 1743 edixit]
1401 1704 1487 1737 nach
1506 1704 1584 1738 dem

888 1758 909 1778 x
914 1747 1197 1790 orhergehenden
1211 1748 1350 1781 edicto.
1361 1751 1490 1783 .misso
1500 1752 1557 1794 (vt,
1539 1751 1584 1784 vl.

888 1793 909 1834 ξ
921 1795 954 1835 6)
974 1793 1019 1826 ist
1035 1793 1215 1826 stilistisch
1230 1777 1584 1838 naehl'assig2311ders

889 1840 942 1879 59,
970 1841 1008 1878 6;
1046 1850 1106 1872 zur
1141 1839 1251 1873 Sache
1289 1851 1315 1874 5.
1350 1841 1524 1875 Chaiisius
1558 1842 1584 1876 II

888 1865 954 1918 202⁷>
965 1884 1020 1918 K:
1014 1911 1021 1917 .
1035 1885 1082 1918 11.
1095 1885 1181 1919 Cato
1192 1886 1270 1918 dier
1274 1897 1333 1919 um
1346 1887 1527 1921 dictarum
1541 1889 1585 1922 de

888 1932 1078 1964 consulatu
1100 1942 1164 1964 suo
1176 1945 1187 1963 .·
1205 1927 1374 1965 ‘laudant
1392 1944 1447 1965 me
1466 1938 1583 1968 maz-i-

885 1979 954 2009 mis
968 1977 1146 2018 laudibus,
1166 1981 1307 2011 tantam
1324 1981 1485 2022 navium,
1503 1984 1582 2014 tan-

888 2027 962 2055 tum
989 2025 1204 2066 exereitum,
1241 2027 1382 2057 tantum
1410 2037 1583 2060 commea-

889 2073 964 2101 tum
982 2080 1056 2102 non
1073 2072 1262 2113 opinatum
1280 2082 1352 2103 esse
1370 2083 1584 2116 quemquam

888 2117 1068 2148 hominem
1082 2119 1478 2160 compararepotm'sse;
1489 2119 1583 2152 idem

887 2164 961 2194 tam
986 2165 1129 2195 maturo
1155 2173 1210 2195 me
1236 2161 1522 2206 comparavisse?
1538 2185 1582 2189 —

885 2211 1035 2250 portum
1059 2210 1232 2252 Pyrenae]
1259 2209 1331 2252 v.gl
1357 2210 1583 2253 Gell.4,17‚

891 2256 948 2287 15:
980 2254 1066 2287 Cato
1093 2255 1183 2287 dicit
1206 2258 1246 2287 ln
1272 2257 1448 2292 oratione
1475 2267 1584 2312 quam

887 2300 930 2332 de
949 2300 1137 2333 consulatu
1153 2312 1218 2333 suo
1237 2302 1373 2342 habuit,
1398 2293 1472 2335 ita:
1496 2297 1580 2336 ‘’kos

887 2347 1007 2388 inquit
1040 2342 1130 2386 ‘fert
1170 2350 1297 2379 tentus
1336 2347 1386 2379 ad
1418 2350 1583 2401 przfforem

886 2392 1126 2435 Pyrenaeum,
1144 2403 1213 2435 quo
1227 2394 1369 2435 proiczt
1384 2395 1422 2425 in
1439 2389 1581 2434 altum}

885 2437 956 2480 vgl.
982 2436 1071 2471 Plin.
1098 2439 1130 2479 3,
1156 2439 1215 2471 22:
1247 2439 1434 2482 Pyrenaea
1461 2440 1582 2473 Venus

886 2485 923 2515 e'n
959 2483 1071 2516 later-e
1093 2486 1346 2526 promunturii
1378 2484 1451 2527 (der
1476 2486 1582 2531 Pyre-

886 2530 992 2564 naen:
1019 2530 1042 2571 j.
1071 2529 1139 2573 Cap
1167 2530 1297 2571 Creus),
1324 2530 1430 2565 daher
1448 2535 1582 2575 portus

888 2575 1049 2617 teneris,
1070 2575 1097 2617 j.
1122 2581 1199 2620 port
1226 2575 1268 2609 de
1288 2575 1434 2613 V.endre
1459 2598 1506 2604 —
1529 2590 1580 2611 se-
