1795 2844
137 95 166 115 a.
186 85 250 113 Chr.
269 93 301 114 n.
321 86 382 114 200.
614 74 743 109 LIBER
766 74 884 110 XXXI.
933 77 1028 111 CAP.
1054 79 1109 112 39.
1534 78 1588 118 75

137 198 235 241 erat,
268 192 462 232 convexit.
511 192 604 232 inde
634 193 679 232 ad
704 193 915 233 Pluinnam
944 201 1001 235 est
1031 209 1266 247 progressus
1288 197 1466 237 nondum
1489 210 1588 238 con-

139 256 275 302 perto,
306 261 424 302 quam
455 250 661 301 regionem
691 251 826 290 hostes
854 252 1058 303 petissent.
1101 254 1306 306 Philippus
1336 266 1426 294 cum
1457 256 1586 307 primo
1619 262 1637 294 5

137 307 186 346 ad
206 307 426 347 Bruanium
446 307 583 348 stativa
604 307 828 355 habuisset,
850 310 1053 360 profectus
1075 311 1167 351 inde
1188 312 1423 352 transversis
1453 313 1586 353 limiti-

136 364 213 405 bus
231 370 428 405 terrorem
450 365 631 417 praebuit
652 365 828 405 subitum
848 365 964 406 hosti.
1006 379 1161 408 movere
1193 369 1325 420 itaque
1348 382 1395 409 ex
1417 369 1586 410 Pluinna

136 421 306 462 Romani
337 428 376 462 et
403 423 450 462 ad
481 422 710 475 Osphagum
740 423 889 463 flumen
929 432 1152 476 posuerunt
1191 432 1328 466 castra.
1386 439 1455 466 rex
1483 427 1588 467 haud
1618 435 1638 468 6

134 479 278 531 procul
297 479 390 520 inde
412 486 449 520 et
470 479 555 532 ipse
576 480 675 519 vallo
697 493 818 533 super
846 481 974 533 ripam
995 482 1123 522 amnis
1147 483 1264 523 ducto
1287 507 1342 513 —
1364 483 1586 536 Erigonum

135 537 288 577 incolae
308 543 450 577 vocant
471 560 528 566 —
548 538 740 578 consedit.
781 538 873 578 inde
895 539 989 578 satis
1017 546 1222 592 comperto
1244 540 1461 581 Eordaeam
1485 542 1586 594 peti·
1617 551 1635 582 7

132 600 246 634 turos
265 594 480 643 Romanos,
502 595 549 635 ad
571 595 823 647 occupandas
844 596 1058 648 angustias,
1082 609 1131 636 ne
1154 610 1342 649 superare
1365 599 1498 639 hostes
1519 611 1584 639 ar-

133 651 182 691 tis
204 651 385 692 faucibus
406 651 604 692 inclusum
626 652 774 692 aditum
802 661 988 705 possent,
1018 655 1245 705 praecessit.
1288 655 1339 694 ibi
1370 656 1443 695 alia
1472 656 1585 704 vallo,
1616 663 1635 696 8

131 709 204 748 alia
226 709 343 757 fossa,
365 709 438 748 alia
459 709 635 761 lapidum
658 711 858 762 congerie,
876 717 918 750 ut
941 723 1013 762 pro
1031 723 1146 751 muro
1170 719 1315 760 essent,
1337 713 1408 752 alia
1431 713 1584 753 arbori-

130 765 207 806 bus
229 765 415 814 obiectis,
445 773 488 806 ut
519 773 585 806 aut
606 767 718 808 locus
750 767 973 820 postulabat
1005 775 1069 808 aut
1100 769 1263 808 materia
1292 771 1582 822 suppeditabat,
1625 805 1630 808 .

126 835 302 876 propere
322 824 542 875 permuniit
569 830 710 876 atque,
741 831 785 865 ut
815 825 898 878 ipse
928 825 1109 874 rebatur,
1139 827 1239 866 viam
1270 834 1410 879 suapte
1442 834 1584 867 natura
1614 834 1633 867 9

129 880 330 920 difficilem
351 880 517 921 obiectis
537 894 611 933 per
632 895 773 922 omnes
801 883 992 923 transitus
1020 883 1209 936 operibus
1231 884 1583 936 inexpugnabilem

130 937 234 979 fecit.
276 943 389 978 erant
417 938 607 991 pleraque
637 939 827 980 silvestria
859 941 982 985 circa,
1015 941 1269 981 incommoda
1298 942 1484 994 phalangi
1501 955 1582 982 ma-
1614 948 1651 982 10

127 994 232 1035 xime
252 994 535 1044 Macedonum,
569 1008 669 1048 quae
698 997 772 1037 nisi
802 997 870 1037 ubi
899 998 1127 1050 praelongis
1156 999 1277 1039 hastis
1304 999 1409 1039 velut
1439 999 1580 1039 vallum

127 1059 220 1092 ante
243 1052 392 1104 clipeos
413 1053 578 1102 obiecit,
602 1055 708 1105 quod
731 1060 773 1093 ut
794 1055 859 1094 fiat
888 1055 1013 1094 libero
1037 1067 1175 1108 campo
1199 1069 1298 1108 opus
1321 1063 1400 1104 est,
1434 1057 1581 1098 nullius

126 1109 339 1149 admodum
361 1122 457 1150 usus
478 1117 548 1151 est.
589 1111 761 1151 Thracas
783 1124 942 1163 quoque
974 1113 1173 1165 rumpiae,
1205 1114 1378 1164 ingentis
1407 1120 1442 1153 et
1474 1115 1581 1166 ipsae
1613 1120 1649 1154 11

126 1167 399 1220 longitudinis,
422 1167 528 1208 inter
554 1168 731 1209 obiectos
753 1169 929 1221 undique
946 1182 1078 1210 ramos
1095 1170 1378 1222 impediebant.
1414 1171 1580 1211 Creten—
1611 1177 1648 1210 12

124 1286 172 1292 —
196 1268 401 1309 Pluinnam]
433 1268 477 1301 ist
507 1272 604 1302 sonst
635 1269 729 1303 nicht
760 1269 819 1303 be-

125 1313 242 1348 kannt.

890 1270 1176 1304 wahrscheinlich
1202 1271 1246 1305 ist
1272 1272 1366 1306 nicht
1392 1272 1452 1306 der
1476 1274 1531 1315 28,
1559 1276 1578 1307 5

889 1316 1068 1350 erwahnte
1093 1316 1315 1360 Durchgang,
1345 1318 1493 1352 sondern
1518 1318 1579 1352 der

888 1361 1067 1405 Waldpass
1081 1361 1305 1406 Kyrderbend
1325 1363 1479 1397 nordlich
1495 1374 1577 1398 vom

887 1406 1146 1450 Begorritissee,
1161 1419 1204 1441 an
1215 1408 1274 1442 der
1284 1408 1501 1443 Sfidostseite
1515 1409 1576 1444 des

886 1453 1023 1488 Lvncus
1045 1455 1210 1496 gemeint;
1237 1454 1306 1497 vgl.
1334 1454 1444 1489 Thuk.
1464 1458 1495 1497 4,
1515 1457 1574 1495 83;

174 1362 204 1393 5.
228 1357 468 1400 Bruanium*]
487 1368 513 1392 s.
539 1370 581 1393 zu
602 1359 623 1402 ξ
641 1362 680 1398 4;
706 1360 740 1394 in
755 1360 817 1394 Pe-

125 1405 288 1448 lagonien
312 1404 395 1438 oder
412 1414 454 1437 an
472 1404 531 1438 der
548 1404 678 1439 Grenze
703 1405 816 1440 dieses

125 1450 258 1484 Laudes
282 1450 373 1483 noch
397 1450 432 1483 in
455 1450 634 1495 Lyncestis
660 1452 815 1495 gelegen.

125 1515 170 1522 —
195 1498 408 1530 transversis
434 1496 617 1537 limitibus]
636 1507 662 1530 s.
683 1499 737 1539 24,
761 1501 814 1535 10:

127 1544 158 1583 2,
181 1544 235 1584 39,
257 1545 293 1582 3;
321 1543 375 1583 32,
399 1544 453 1584 13,
475 1545 505 1576 5.
530 1562 575 1567 —
598 1543 814 1586 Osphagum]

124 1588 182 1621 ein
196 1587 398 1622 Nebenflul's
415 1587 474 1621 des
489 1588 625 1631 Erigon,
639 1589 816 1623 vielleicht

125 1634 196 1676 der,
221 1633 372 1667 welcher
388 1633 458 1666 ihm
479 1633 534 1667 die
552 1633 733 1668 Gewasser
757 1635 817 1670 der

127 1679 229 1713 Vitch
246 1679 395 1720 zuffihrt,
412 1679 446 1712 in
459 1679 519 1713 der
531 1679 628 1714 Nahe
647 1691 718 1714 von
739 1680 817 1715 Flo—

128 1726 216 1765 rina;
242 1735 270 1760 S.
295 1724 402 1758 Barth
431 1728 505 1760 154.

173 1772 209 1806 6.
231 1774 267 1804 et
281 1772 369 1813 ipse]
387 1771 468 1804 weil
485 1771 574 1804 auch
591 1781 627 1804 er
644 1781 686 1805 an
705 1772 815 1806 einem

127 1816 247 1850 Flusse
277 1816 400 1860 lagert.
423 1835 469 1840 —
497 1819 616 1859 super]
647 1818 738 1851 oben
764 1828 817 1851 am

131 1861 210 1895 User
234 1862 308 1901 him
333 1872 360 1895 s.
389 1863 419 1903 1,
443 1864 474 1903 2,
493 1864 530 1902 6;
557 1864 611 1904 27,
635 1865 690 1904 48,
716 1865 748 1896 2.
772 1883 818 1888 -

126 1909 246 1951 ripam
269 1909 398 1948 amnis]
418 1907 486 1951 vgl.
511 1918 555 1942 zu
574 1910 626 1942 21.
649 1910 702 1950 26,
722 1911 753 1943 6.
772 1928 817 1934 -—

127 1954 342 1996 Erigonum]
350 1954 378 1995 j.
389 1953 517 1987 Czerna
525 1953 607 1987 oder
621 1954 816 1989 Kutschuk-

126 1999 273 2038 Karasu;
305 2009 333 2032 s.
358 2009 401 2032 zu
425 1999 446 2042 ξ
471 2001 508 2038 4;
543 2010 586 2033 an
619 2000 678 2033 der
702 2000 816 2034 West-

123 2043 572 2124 {Qissffixge‘ssssss‘ffinff-
586 2047 750 2127 ῑέῑῗῗέαξὲ
761 2047 814 2126 di‘?

128 2116 484 2178 38,41,4u.a‚⁰
565 2119 572 2131 ‘
686 2119 814 2136 ’''

171 2185 205 2215 7.
229 2182 468 2224 Eordaeamfl
490 2182 614 2216 ostlich
631 2194 701 2217 von
725 2183 815 2229 Lyn-

124 2227 242 2269 cestis,
266 2227 327 2261 das
344 2227 481 2261 Becken
505 2238 574 2262 von
592 2228 758 2269 Ostrovo;
785 2240 810 2264 s.

124 2275 180 2316 42,
205 2275 261 2315 53,
286 2275 325 2312 5;
351 2275 406 2315 45,
432 2276 487 2315 30,
512 2275 549 2313 ὃς
582 2274 656 2308 Pol.
695 2277 747 2317 18,
774 2278 812 2315 ὃς

123 2320 180 2361 34,
194 2320 254 2358 12;
270 2317 395 2353 Strabo
413 2322 445 2358 ’7,
463 2322 494 2361 7,
511 2323 544 2361 7,
558 2319 591 2354 S.
608 2322 693 2355 326:
715 2324 814 2367 Azy-

121 2364 263 2410 κησταί
283 2376 324 2400 τε
343 2365 408 2418 αἰαὶ
428 2360 450 2411 ἧ
472 2366 709 2413 Δευρίοπος.
727 2395 734 2402 .
747 2369 811 2402 καὶ

120 2404 271 2458 Ἐορδοὶ
283 2411 348 2446 καὶ
358 2411 518 2455 Ελίμεια
525 2429 537 2456 ;
548 2412 618 2455 vgl.
628 2412 727 2453 Abel,
742 2412 812 2446 Ma-

123 2455 290 2489 cedonien
316 2459 335 2490 6
349 2455 372 2489 f.
413 2456 513 2490 Kuhn
540 2459 571 2499 2,
589 2459 668 2492 406.
685 2478 729 2482 —
746 2470 810 2491 an-

119 2503 276 2543 gastius]
292 2501 399 2535 durch
415 2505 506 2536 artis
516 2503 687 2544 faucibus
700 2529 708 2537 .
724 2529 732 2538 .
747 2504 809 2537 ad-

121 2549 213 2579 itum
220 2546 509 2583 naherbestimmt
518 2564 525 2589 ;
535 2549 604 2593 vgl.
616 2560 659 2583 zu
666 2551 720 2590 28,
736 2551 810 2592 1,6;

886 1498 991 1532 Barth
1020 1501 1095 1534 155.

930 1547 959 1578 S.
974 1546 1237 1588 suppeditabat]
1252 1557 1277 1579 s.
1290 1556 1331 1579 zu
1343 1547 1395 1587 22,
1406 1547 1458 1587 39,
1472 1548 1522 1581 14.
1533 1565 1577 1572 —

881 1591 1282 1636 propere*permunz·2·t]
1297 1592 1365 1634 vgl.
1381 1593 1434 1632 27,
1451 1594 1575 1634 12,10:

887 1640 1008 1670 eastra
1024 1663 1030 1670 .
1045 1662 1052 1670 .
1068 1639 1202 1680 raptim
1228 1641 1312 1670 ante
1336 1640 1474 1671 noctem
1496 1649 1578 1681 per-

885 1685 1044 1721 muniia;
1074 1685 1127 1723 33,
1155 1685 1208 1725 36,
1236 1686 1266 1717 6.

933 1730 963 1761 9.
991 1731 1177 1770 transitus]
1203 1739 1230 1762 s.
1250 1732 1304 1771 44,
1322 1729 1377 1771 33,
1397 1731 1428 1763 4.
1455 1748 1501 1753 —-
1524 1728 1578 1769 se-

885 1774 970 1814 m'tJ*

937 1822 988 1853 10.
1005 1819 1188 1862 pleraque]
1206 1819 1300 1853 lokal
1315 1830 1356 1853 zu
1370 1819 1516 1853 nehmen
1534 1821 1575 1861 (s.

890 1866 944 1906 23,
964 1868 1008 1905 4).
1027 1866 1069 1898 ist
1085 1865 1246 1907 Subjekt;
1268 1868 1365 1898 eirea
1380 1865 1466 1898 dazu
1480 1865 1576 1899 attri-

887 1910 1006 1943 butive
1025 1910 1279 1954 Bestimmung;
1301 1910 1370 1952 vgl.
1390 1912 1444 1951 21,
1463 1912 1518 1952 35,
1536 1912 1572 1949 4;

888 1957 941 1996 27,
974 1958 1027 1996 39,
1060 1959 1096 1989 7:
1129 1968 1197 1999 per
1232 1958 1373 1989 munita
1402 1956 1575 1999 pleraque

887 2004 1042 2034 transitu
1066 2001 1207 2042 fratris.
1229 2022 1273 2026 —
1284 2002 1479 2045 phalangi]
1507 2001 1574 2035 wie

886 2049 940 2089 33,
959 2050 990 2082 4.
1015 2049 1050 2086 3;
1077 2047 1232 2091 dagegen
1258 2049 1318 2081 mit
1337 2048 1430 2081 einer
1453 2046 1573 2081 Erkla-

886 2103 972 2136 rung
999 2096 1052 2135 32,
1082 2097 1132 2135 17,
1162 2097 1217 2133 11;
1245 2096 1299 2134 33,
1327 2096 1356 2134 S,
1383 2095 1402 2126 7
1429 2104 1460 2127 u.
1480 2103 1509 2127 a.
1529 2113 1573 2118 —

879 2140 1105 2182 praelongis]
1132 2151 1157 2173 s.
1183 2142 1236 2181 32,
1259 2142 1311 2182 17,
1333 2140 1382 2173 13.
1408 2147 1453 2163 —‘
1478 2139 1574 2172 velut

884 2186 1029 2227 vallum]
1045 2196 1071 2219 s.
1087 2187 1140 2227 32,
1159 2188 1210 2228 17,
1229 2188 1279 2220 14.
1293 2203 1338 2209 —-
1355 2185 1462 2218 libero
1479 2195 1571 2217 cam-

881 2232 940 2273 po]
967 2241 993 2264 s.
1019 2242 1061 2265 zu
1083 2233 1136 2271 24,
1162 2233 1194 2265 9.
1220 2250 1264 2255 —
1288 2231 1424 2263 nullius
1449 2230 1569 2263 admo-

884 2277 980 2317 dum]
1007 2287 1044 2310 so
1079 2277 1236 2310 ziemlich
1261 2286 1328 2309 von
1354 2275 1500 2317 keinem,
1526 2292 1571 2305 =

884 2318 963 2355 ²von
990 2332 1049 2365 gar
1078 2318 1245 2355 keinem'.
1271 2341 1317 2346 -
1340 2322 1516 2363 rumpiae]
1542 2330 1570 2354 s.

883 2366 969 2401 Gell.
996 2370 1046 2408 10,
1066 2369 1120 2409 25,
1138 2370 1177 2401 4:
1204 2369 1347 2409 rumpia
1368 2376 1484 2408 genus
1510 2367 1571 2399 teli

882 2416 933 2445 est
960 2413 1119 2446 leracae
1144 2414 1320 2452 nationis,
1342 2413 1570 2454 positumque

881 2459 948 2491 hoc
956 2458 1165 2491 vocabulum
1177 2460 1214 2490 in
1227 2458 1264 2499 Q.
1274 2459 1372 2491 Enni
1381 2458 1569 2491 annalium

879 2512 998 2539 XIIII:
1024 2503 1093 2546 vgl.
1117 2502 1206 2537 Plut.
1232 2502 1354 2537 Aemil.
1383 2505 1440 2541 18;
1470 2503 1568 2539 Hom.

881 2550 928 2583 M
948 2550 1024 2582 577.
