1747 2780
184 85 238 130 66
621 85 745 119 LIBER
770 87 885 122 xxxr
934 86 1028 131 οᾼΡ.
1054 88 1108 121 33.
1135 89 1187 122 34.

1429 109 1454 128 a.
1473 109 1500 128 u.
1520 109 1544 130 e.
1564 103 1626 129 554.

182 202 341 243 tandem
363 202 403 241 in
426 214 549 242 unum
572 202 646 242 iter
673 207 958 242 convenerunt.
1001 210 1165 242 neutros
1196 204 1350 253 fefellit,
1380 212 1424 244 ut
1445 205 1628 245 fremitus

181 259 324 313 procul
352 259 557 299 hominum
592 271 866 311 equorumque
900 260 1104 300 exauditus
1134 265 1213 309 est,
1249 261 1381 301 hostes
1407 263 1624 314 appropin-

184 329 318 369 quare.
367 317 497 367 itaque
518 316 748 368 priusquam
770 317 810 356 in
840 322 1098 368 conspectum
1124 317 1321 366 venirent,
1353 331 1477 370 equos
1497 331 1624 358 arma-

185 387 262 426 que
285 374 558 425 expedierant3
581 386 656 413 nec
676 386 805 422 mora,
827 373 894 413 ubi
916 374 1089 425 primum
1110 375 1264 415 hostem
1287 375 1430 424 videre,
1452 388 1625 416 concur-

133 439 152 471 9
182 431 295 470 rendi
318 432 416 470 facta
439 436 509 470 est.
550 431 650 470 forte
672 436 709 470 et
731 443 898 470 numero
921 437 958 470 et
973 431 1130 480 virtute,
1153 438 1290 483 utpote
1304 432 1396 472 lecti
1410 433 1626 484 utrimque,

183 488 287 528 haud
310 487 498 539 impares,
528 487 663 539 aequis
683 488 832 527 viribus
853 500 925 540 per
945 488 1094 539 aliquot
1114 489 1232 529 horas
1252 495 1495 541 pugnarunt.
1536 490 1625 529 sati-

183 545 287 596 gatio
319 545 498 597 ipsorum
536 557 810 596 equorumque
840 545 992 584 incerta
1029 545 1192 585 victoria
1222 546 1378 585 diremit
1416 547 1626 598 proelium.

114 608 151 642 10
180 602 442 641 Macedonum
464 602 722 653 quadraginta
739 602 902 653 equites,
924 602 1194 642 Romanorum
1216 603 1393 655 quinque
1410 609 1449 643 et
1463 603 1625 654 triginta

183 660 427 699 ceciderunt.
468 671 598 710 neque
621 672 666 698 eo
689 659 811 710 magis
832 659 1021 711 explorati
1043 660 1274 711 quicquam,
1299 661 1339 699 in
1363 673 1440 712 qua
1461 660 1627 712 regione

184 723 310 756 castra
332 716 504 756 hostium
527 721 671 765 essent,
693 722 760 755 aut
774 716 829 755 illi
845 717 892 755 ad
914 728 1047 768 regem
1071 717 1191 756 anthi
1208 717 1255 756 ad
1277 717 1483 757 consulem
1498 723 1625 756 rettu-

115 780 150 812 11
180 774 337 823 lerunt3
359 786 431 826 per
451 774 674 825 transfugas
696 773 898 825 cognitum
922 780 1000 821 est,
1024 786 1123 824 quos
1144 774 1278 814 levitas
1299 774 1552 826 ingeniorum
1575 774 1623 812 ad

112 833 164 870 34
185 831 481 883 cognoscendas
509 831 680 870 hostium
704 843 767 870 res
789 830 828 869 in
859 831 1043 870 omnihus
1064 831 1176 870 bellis
1202 831 1379 883 praebet.
1419 831 1624 882 Philippus

182 888 328 939 aliquid
351 893 389 927 et
407 888 455 926 ad
477 888 679 927 caritatem
700 900 861 927 suorum
885 894 922 927 et
943 894 986 927 ut
1007 888 1229 940 promptius
1244 900 1317 940 pro
1335 900 1380 926 eo
1403 887 1624 939 periculum

132 952 151 984 2
180 945 335 985 adirent
355 950 463 984 ratus
484 946 754 997 profecturum
777 957 839 992 se,
872 946 903 984 si
926 946 1123 996 equitum,
1155 945 1223 996 qui
1244 944 1471 984 ceciderant
1491 944 1530 983 in
1555 957 1624 983 ex-

182 1002 402 1054 peditione,
433 1002 749 1053 sepeliendorum
773 1013 906 1041 curam
928 1002 1166 1050 habuisset„
1179 1001 1322 1040 adferri
1344 1013 1412 1041 eos
1432 1001 1473 1040 in
1496 1007 1625 1041 castra

130 1067 149 1098 3
179 1059 304 1107 iussit,
327 1065 369 1098 ut
390 1059 690 1111 conspiceretur
711 1058 758 1097 ab
782 1059 966 1098 omnibus
987 1059 1137 1098 funeris
1157 1058 1298 1098 honos.
1340 1057 1438 1097 nihil
1458 1063 1537 1097 tam
1560 1058 1622 1098 in-

182 1121 333 1156 certum
350 1121 517 1155 nectam
540 1115 824 1155 inaestimabile
842 1121 900 1155 est
921 1128 1037 1167 quam
1059 1115 1179 1154 animi
1200 1115 1475 1154 multitudinis.
1516 1115 1623 1167 quod

180 1173 446 1225 promptiores
468 1173 515 1212 ad
543 1173 791 1212 subeundam
811 1185 969 1212 omnem
996 1172 1290 1212 dimicationem
1317 1171 1523 1212 videbatur
1541 1172 1625 1211 fac-

131 1241 150 1271 4
181 1239 335 1278 turum,
358 1230 396 1269 id
417 1235 565 1269 metum
593 1230 872 1282 pigritiamque
894 1230 1061 1269 incussit
1070 1242 1080 1279 ;
1110 1242 1201 1269 nam
1223 1229 1291 1281 qui
1310 1229 1432 1269 hastis
1453 1229 1622 1280 sagittis-

182 1300 259 1339 que
282 1293 320 1326 et
341 1300 428 1326 rara
449 1286 597 1326 lanceis
617 1287 718 1326 facta
748 1287 907 1326 vulnera
929 1287 1136 1334 vidissent,
1169 1299 1260 1326 cum
1282 1286 1440 1326 Graecis
1461 1285 1623 1338 Illyriis-

181 1356 258 1396 que
288 1356 466 1396 pugnare
502 1344 672 1391 adsueti,
709 1350 917 1395 postquam
950 1344 1078 1395 gladio
1107 1343 1361 1395 Hispaniensi
1391 1343 1622 1382 detruncata

181 1413 368 1452 corpora,
391 1400 588 1440 bracchiis
609 1413 697 1439 cum
720 1401 886 1440 humero
908 1400 1081 1449 abscisis,
1103 1407 1170 1439 aut
1191 1406 1272 1440 tota
1293 1400 1446 1439 cervice
1465 1399 1625 1439 desecta

182 1482 357 1522 gesetzteu
368 1477 555 1520 Richtung;
570 1478 756 1520 hierlokal,
771 1481 867 1512 sonst

181 1524 276 1557 mehr
301 1524 463 1566 tropisch.
482 1543 526 1548 -—
544 1525 658 1556 hostes
675 1527 868 1567 appropin-

182 1570 326 1613 quare*]
359 1570 403 1602 ist
434 1569 517 1602 weit
549 1579 616 1602 von
648 1569 780 1609 fefellit
810 1580 867 1613 ge-

182 1618 312 1653 trennt3
345 1615 430 1647 iiber
463 1615 516 1647 die
542 1613 678 1649 Konstr.
714 1626 739 1648 s.
766 1626 806 1648 zu
834 1619 866 1657 5,

181 1662 213 1703 2,
246 1662 277 1694 3.
306 1679 353 1684 —
383 1660 628 1702 eoepedterant]
661 1661 747 1693 wird
779 1661 865 1694 auch

182 1706 242 1739 aus
256 1716 364 1748 equos
381 1706 544 1748 bezogen,
571 1707 637 1739 wie
659 1708 712 1747 38,
733 1708 785 1747 25,
809 1709 863 1740 14:

182 1762 261 1785 cum
287 1752 356 1783 tela
381 1762 557 1794 equosque
581 1753 815 1794 empedissenl.

228 1799 388 1839 9.utpote
397 1798 488 1837 lecti]
498 1798 578 1839 geht
589 1798 866 1831 nuraufvirtate.

229 1845 279 1876 11.
296 1853 364 1885 per
385 1842 607 1884 transfugas]
629 1843 688 1876 das
708 1843 865 1887 Asynde-

181 1890 241 1921 ton
256 1888 389 1920 vertritt
403 1888 457 1920 die
472 1888 713 1932 Bezeichnung
728 1889 787 1922 des
802 1889 866 1922 Ge-

180 1939 375 1975 gensatzes;
403 1949 446 1961 =
470 1931 545 1966 ‘nur
570 1931 692 1967 durch‘
721 1934 803 1967 oder
819 1951 864 1963 =

178 1975 261 2011 ‘erst
279 1975 405 2010 durch.²
431 1998 477 2002 —
494 1979 630 2019 levitas]
649 1980 862 2022 Beweglich-

179 2022 263 2064 keil,
280 2021 288 2032 ‘
301 2021 637 2065 Unbestandigkeit',
656 2025 710 2058 die
728 2035 763 2057 es
784 2024 862 2057 bald

179 2069 241 2101 mit
266 2068 342 2101 dem
368 2069 483 2109 einen,
510 2068 589 2101 bald
615 2070 677 2102 mit
702 2070 778 2102 dem
804 2080 861 2102 an-

179 2113 281 2147 deren
309 2114 397 2152 hiim
423 2124 450 2147 s.
477 2116 530 2155 29,
556 2116 588 2147 4.

224 2158 288 2194 34.
315 2162 343 2192 1.
362 2159 410 2191 ad
433 2161 621 2191 caritatem
637 2160 797 2200 suorum]
815 2160 865 2192 ad

178 2222 224 2234 =
246 2201 293 2237 ‘in
321 2204 436 2245 Bezug
462 2201 556 2243 auf';
575 2222 616 2233 ε
636 2215 693 2237 um
719 2205 773 2238 die
798 2205 861 2237 Zu-

178 2250 329 2293 neigung
353 2250 464 2283 seiner
480 2250 584 2283 Lente
603 2250 717 2292 (Liebe
744 2250 796 2283 bei
813 2275 820 2283 .
838 2252 860 2291 .)

179 2306 221 2328 zu
246 2296 443 2338 gewinnen3
469 2296 537 2338 vgl.
563 2298 617 2337 26,
636 2300 666 2337 (5,
685 2298 715 2330 7.
734 2315 775 2320 —
788 2306 860 2338 pro

179 2344 232 2382 eo]
251 2352 276 2374 s.
307 2343 359 2382 11,
391 2343 443 2380 12;
471 2341 537 2375 Cic.
562 2341 597 2373 in
624 2341 716 2375 Verr.
746 2344 774 2383 1,
801 2343 859 2375 80:

179 2386 336 2419 Milesios
368 2397 492 2419 navem
527 2389 689 2429 poposcit
723 2387 861 2429 Verres,

179 2435 270 2474 quae
293 2443 370 2463 eum
400 2436 686 2475 prosequeretur.
711 2452 756 2458 -
775 2443 861 2475 pro-

176 2476 369 2518 fecturum]
395 2478 505 2511 davon
538 2478 628 2512 kann
654 2478 789 2513 sowohl
814 2478 863 2511 ad

179 2522 230 2555 als
256 2523 340 2555 auch
367 2525 404 2555 in
431 2526 470 2562 (s.
490 2526 543 2566 37,
562 2526 595 2567 5)
621 2524 689 2558 und
712 2528 754 2557 ut
778 2523 860 2568 (vgl.

180 2568 234 2609 38,
261 2570 294 2609 5)
319 2568 510 2611 abhangen.

984 1479 1015 1511 2.
1046 1477 1188 1516 funeris
1220 1479 1346 1517 Itonos]
1379 1487 1404 1511 s.
1437 1478 1468 1519 3,
1499 1477 1554 1519 43,
1581 1479 1620 1517 73

936 1523 1005 1566 vgl.
1031 1523 1110 1558 Tac.
1136 1522 1223 1557 Ann.
1253 1525 1282 1564 1,
1308 1524 1361 1557 62.

983 1570 1013 1602 3.
1038 1568 1311 1610 inaestimabile]
1337 1577 1408 1600 was
1432 1577 1510 1600 man
1527 1567 1621 1600 nicht

936 1614 1041 1648 leicht
1077 1614 1304 1655 abschfflzen,
1346 1614 1504 1646 worfiber
1540 1622 1619 1645 man

936 1660 1030 1694 nicht
1054 1660 1159 1693 leicht
1183 1660 1236 1693 ein
1256 1659 1404 1693 sicheres
1422 1657 1531 1691 Urteil
1556 1657 1618 1691 fal-

935 1705 989 1738 len
1009 1705 1111 1739 kann.
1135 1725 1180 1729 —
1203 1706 1472 1748 pigritiamque]
1494 1704 1539 1736 ist
1557 1713 1623 1736 nur

937 1761 1059 1794 wegen
1085 1751 1143 1784 der
1159 1750 1381 1792 Verbindung
1402 1750 1463 1782 mit
1487 1751 1621 1782 metum

930 1797 1092 1840 ‘zugleich
1111 1797 1172 1829 mit
1189 1796 1318 1830 diesem
1336 1793 1468 1838 Begriff
1479 1805 1547 1828 von
1566 1796 1622 1827 in-

937 1844 1045 1875 cussit
1069 1842 1242 1885 abh‘angig
1266 1841 1434 1884 gemacht.

980 1890 1012 1922 4.
1039 1889 1150 1920 lzaste's
1164 1912 1171 1920 .
1186 1887 1207 1931 .]
1226 1887 1295 1920 Liv.
1314 1886 1419 1919 denkt
1437 1896 1478 1918 an
1491 1885 1621 1919 leichte

934 1933 1081 1966 Reiterei
1113 1933 1175 1966 mit
1210 1931 1475 1974 Wursspiessen;
1507 1940 1533 1964 s·
1559 1933 1615 1972 43,

935 1980 972 2017 2;
1000 1978 1054 2011 die
1087 1978 1231 2010 lanceae
1264 1977 1339 2010 sind
1372 1976 1502 2019 grosser
1533 1975 1619 2009 oder

933 2023 1104 2056 schwerer
1129 2023 1180 2056 als
1205 2022 1258 2055 die
1284 2024 1425 2064 hastae,
1456 2021 1616 2064 obgleich

932 2079 967 2102 er
985 2069 1077 2101 diese
1095 2068 1149 2101 bei
1168 2067 1232 2101 den
1250 2067 1482 2111 Fussg‘angern
1501 2068 1554 2109 39,
1576 2069 1615 2100 10

926 2114 1150 2157 praelongae
1167 2118 1289 2152 nennt;
1315 2114 1384 2156 vgl.
1411 2114 1464 2154 28,
1486 2115 1540 2153 45,
1562 2113 1617 2146 16.

933 2179 975 2183 —
1007 2162 1107 2200 rara]
1132 2170 1157 2193 s.
1186 2162 1241 2201 34,
1266 2161 1320 2198 39,
1345 2161 1378 2193 4.
1410 2177 1456 2183 -—
1488 2158 1615 2200 Hispa-

931 2207 1058 2245 niensi]
1079 2206 1123 2238 ist
1145 2205 1217 2238 hier
1242 2204 1296 2238 ein
1314 2204 1435 2247 langes
1457 2202 1616 2237 Schwert

930 2261 1007 2283 zum
1034 2250 1161 2291 Hauen,
1191 2250 1257 2283 wie
1282 2260 1318 2283 es
1344 2250 1398 2283 die
1422 2249 1615 2283 romischen

931 2295 1045 2329 Reiter
1063 2296 1215 2335 ffihrtem
1241 2305 1267 2328 s.
1289 2295 1387 2330 Dion.
1413 2297 1445 2336 8,
1471 2297 1534 2336 673
1557 2291 1614 2329 ἳπ-

931 2346 1056 2383 πικοῖς
1074 2341 1197 2386 ξίφεσι
1217 2339 1475 2388 μακροτέροις
1489 2338 1614 2379 ου’σιν;

931 2387 991 2420 das
1016 2387 1119 2420 kun-ze
1138 2386 1295 2420 Schwert
1319 2387 1378 2419 der
1402 2385 1614 2428 Fussganger

931 2436 1036 2465 neunt
1068 2431 1139 2465 Liv.
1169 2432 1318 2474 gladius
1353 2431 1546 2474 Hispanus;
1584 2440 1617 2463 s.

931 2479 984 2519 22,
1008 2480 1061 2518 46,
1080 2480 1110 2511 5.
1128 2496 1173 2501 —-
1191 2488 1270 2510 cum
1292 2477 1450 2517 humero]
1476 2477 1521 2509 ist
1546 2475 1614 2509 wie

930 2523 975 2556 im
991 2522 1172 2564 folgenden
1194 2533 1274 2555 cum
1293 2526 1429 2555 cervice
1445 2520 1613 2555 kollektiv

931 2579 973 2603 zu
1005 2568 1168 2609 nehmen;
1195 2583 1234 2596 =
1262 2565 1439 2611 ‘jedesmal
1469 2562 1613 2606 mit..';
