1747 2780
186 59 242 99 92
620 61 746 95 LIBER
770 60 887 96 XXXI.
936 61 1030 96 CAP.
1056 64 1111 96 47.
1136 63 1192 96 45.

1430 79 1456 100 a.
1477 82 1505 101 u.
1525 81 1549 101 e.
1566 75 1628 102 554.

158 182 161 183 ’
184 179 291 218 leum
314 178 467 229 navigat
490 176 714 228 Corcyram.
756 189 889 229 regem
910 184 1054 217 statum
1077 177 1281 216 initiorum
1303 176 1481 226 Cereris,
1504 183 1547 217 ut
1567 191 1628 218 sa-

187 235 265 275 cris
285 236 508 281 interesset,
529 234 682 282 tenuit3
705 235 926 274 seeundum
946 234 1055 273 initia
1078 240 1115 273 et
1136 234 1221 285 ipse
1243 234 1283 273 in
1305 234 1434 274 Asiam
1455 247 1497 275 se
1517 247 1628 275 reee-

136 299 155 331 3
185 293 244 345 pit
274 291 549 344 Agesimbroto
579 297 617 330 et
647 290 808 331 Rhodiis
839 292 999 331 domum
1034 291 1219 330 remissis.
1268 290 1367 330 haec
1403 304 1448 331 ea
1481 298 1626 332 aestate

186 356 292 389 terra
313 349 491 399 marique
512 347 698 387 adversus
718 348 944 401 Philippum
976 349 1184 399 sociosque
1214 347 1298 387 eius
1325 348 1372 387 ah
1403 348 1568 389 consule
1590 356 1626 388 et

186 407 315 457 legato
337 406 524 445 Romanis
545 404 818 444 adiuvantibus
834 418 927 456 rege
949 406 1078 445 Attalo
1101 412 1140 444 et
1160 405 1324 445 Rhodiis
1344 411 1466 456 gesta.

136 471 155 503 4
301 463 447 502 Consul
469 462 567 501 alter
589 461 629 501 C.
651 462 834 502 Aurelius
856 463 903 501 ad
924 463 1150 502 consectum
1180 461 1329 501 bellum
1357 474 1450 502 oum
1470 461 1511 502 in
1532 474 1628 514 pro-

185 520 353 560 vinciam
375 519 558 567 venisset,
580 518 683 558 haud
705 519 804 558 clam
824 519 914 558 tulit
935 520 1033 558 iram
1054 520 1241 558 adversus
1263 525 1499 570 praetorem,
1522 520 1628 570 quod

136 584 154 616 5
184 577 347 617 absente
376 589 416 616 se
449 589 531 616 rem
555 576 751 627 gessisset.
802 577 920 616 misso
950 577 1072 628 igitur
1101 589 1148 615 eo
1179 576 1219 615 in
1242 576 1442 616 Etruriam
1471 575 1558 628 ipse
1586 576 1626 615 in

186 646 324 685 agrum
339 634 512 673 hostium
529 633 706 684 legiones
723 633 877 673 induxit
891 633 1199 686 populandoque
1215 646 1305 672 eum
1321 633 1466 684 praeda
1480 633 1629 673 maiore

133 698 153 729 6
184 703 302 743 quam
323 691 445 743 gloria
467 690 611 730 bellum
628 690 759 742 gessit.
796 690 839 729 L.
857 690 1013 737 Furius,
1035 690 1151 730 simul
1167 689 1273 741 quod
1294 690 1335 729 in
1352 690 1510 729 Etruria
1532 690 1630 729 nihil

186 755 270 787 erat
291 748 360 796 rei,
383 748 490 799 quod
511 753 679 799 gereret,
701 747 817 786 simul
839 747 985 786 Gallico
1007 747 1207 799 triumpho
1228 747 1454 796 imminens,
1477 745 1628 801 [quem]

185 805 350 844 absente
379 805 543 844 consule
572 804 670 843 irato
708 811 824 856 atque
859 804 1059 844 invidente
1094 804 1245 844 facilius
1279 804 1483 856 impetrari
1512 816 1628 855 posse

184 869 293 902 ratus
313 861 478 901 Romam
499 862 706 913 inopinato
728 874 818 900 eum
840 861 1030 907 venisset,
1062 867 1242 900 senatum
1264 861 1303 900 in
1326 861 1421 901 aede
1441 861 1629 900 Bellonae

134 927 152 957 ’1
182 918 320 958 hahuit
341 919 608 971 expositisque
638 918 757 958 rebus
786 918 927 970 gestis,
952 925 996 957 ut
1027 918 1286 970 triumphanti
1315 917 1391 957 sibi
1418 918 1459 957 in
1487 918 1629 958 urbem

117 979 166 1015 48
186 975 316 1015 invehi
337 976 486 1023 liceret,
508 976 617 1027 petit.
669 976 770 1027 apud
792 987 975 1026 magnam
996 976 1149 1026 partem
1179 982 1340 1014 senatus
1370 980 1409 1014 et
1429 974 1628 1026 magnitu-

135 1041 154 1073 2
184 1033 276 1073 dine
298 1045 431 1072 reium
461 1040 659 1083 gestarum
690 1032 839 1071 valebat
862 1038 900 1071 et
929 1032 1065 1084 gratia.
1106 1032 1276 1072 maiores
1306 1037 1401 1071 natu
1431 1031 1627 1084 negabant

186 1112 302 1165 8,11;
336 1111 402 1143 wie
428 1112 481 1150 42,
509 1111 705 1151 56,1;1111
739 1109 872 1143 Griech.

184 1151 280 1203 υπὲο
306 1154 483 1210 Μαὶὲαυὲ
518 1154 651 1188 5.Ρ1111.
678 1160 712 1188 et
737 1154 872 1188 Trajan.

184 1201 245 1244 Ep.
276 1204 327 1243 15,
353 1203 437 1243 (26):
466 1197 560 1248 ὖπὲο
587 1199 747 1236 Μαλέαν
771 1203 872 1233 navi-

182 1257 304 1289 gasse;
332 1247 401 1289 xfflgl
427 1249 545 1288 44,1;
573 1246 640 1279 Cic.
667 1247 708 1279 ad
733 1246 811 1279 fam.
840 1249 871 1287 4,

188 1294 299 1334 12,1.
333 1311 378 1317 -—
409 1273 557 1336 statium]
592 1292 694 1325 n'aml.
727 1302 872 1325 samum

185 1337 267 1371 oder
297 1338 465 1370 sollemne
498 1337 579 1371 oder
615 1342 765 1380 tempu53
800 1337 872 1380 vgl.

184 1387 215 1424 5,
241 1386 297 1424 46,
315 1385 350 1422 2;
371 1385 425 1422 23,
444 1385 498 1424 35,
519 1385 553 1421 3;
580 1383 631 1416 315
658 1382 870 1423 Substantiv,

183 1429 251 1462 wie
269 1428 425 1461 ahnliclie
443 1427 569 1461 Neutra
586 1429 625 1468 (5.
645 1428 712 1461 Cic.
731 1438 763 1470 p.
779 1428 869 1461 Cael.

184 1476 246 1508 20:
261 1475 492 1513 destinatmn;
509 1474 578 1506 Liv.
590 1476 644 1515 46,
655 1476 709 1513 46,
723 1475 780 1506 12:
798 1475 871 1506 vul·

181 1522 309 1562 gaium
336 1531 366 1555 u.
385 1521 438 1561 3.),
464 1519 597 1552 scheint
621 1522 754 1551 statum
776 1519 871 1552 nicht

184 1565 464 1599 vorznkommen.
490 1584 534 1589 —
559 1566 759 1605 initlorum]
775 1574 800 1597 s.
817 1566 870 1606 14,

186 1613 223 1650 '13
259 1621 295 1644 es
328 1611 403 1644 sind
429 1611 483 1643 die
509 1612 645 1653 grossen
673 1610 870 1643 Eleusinien

185 1657 346 1699 gemeint‚
378 1656 432 1689 die
458 1666 537 1689 vom
569 1658 616 1690 16.
642 1655 871 1689 Boedromion

184 1705 288 1739 (etwa
305 1701 402 1735 Mitte
421 1701 634 1744 September)
659 1711 702 1734 an
725 1701 809 1734 iiber
830 1703 870 1734 10

185 1746 279 1790 Tage
312 1747 492 1786 dauerten;
531 1757 557 1780 s.
594 1748 634 1780 A.
668 1745 872 1788 Mommsen,

183 1792 298 1828 Heort.
318 1795 371 1827 73.
391 1795 467 1827 231.
482 1812 525 1817 ——
539 1793 664 1834 saeris]
683 1792 738 1825 die
752 1792 870 1825 vielfa-

185 1839 270 1872 chen
281 1838 563 1872 Feierlichkeiten
575 1852 581 1877 ;
595 1849 620 1871 s.
631 1838 670 1870 Α.
680 1836 871 1871 Mommsen

185 1895 213 1917 3.
237 1894 266 1918 3.
293 1883 330 1918 Ο.
356 1886 440 1923 243;
469 1884 662 1917 Schomann
683 1885 713 1923 2,
733 1886 808 1917 344.
827 1902 870 1907 —-

184 1933 218 1962 et
242 1932 326 1973 ipse]
353 1930 463 1963 dieses
487 1925 708 1972 ‘gleichsalls'
736 1929 873 1962 bezieht

184 1975 257 2008 sich
275 1986 337 2008 nur
363 1975 424 2007 auf
445 1977 594 2017 recepit,
625 1974 718 2007 nieht
744 1974 804 2007 auf
834 1976 872 2006 in

182 2021 319 2052 Asiam.
343 2040 388 2043 —
412 2022 579 2060 remissis]
603 2020 654 2052 als
673 2019 716 2051 ob
734 2019 784 2052 sie
801 2019 871 2052 ihm

185 2065 453 2108 untergeordnet
478 2075 639 2107 gewesen
664 2066 789 2097 waren.

243 2113 275 2146 3.
312 2113 495 2152 sociosque
535 2109 624 2154 eius]
665 2110 700 2142 in
740 2109 870 2143 Euboa.

183 2176 229 2181 —
255 2156 387 2199 legato]
413 2155 514 2189 naml.
541 2155 718 2198 Apustius.
743 2174 783 2179 —
809 2165 871 2196 ge—

183 2204 250 2243 sta]
269 2211 297 2235 s.
314 2203 369 2243 43,
389 2205 419 2235 7.
443 2221 487 2225 —
511 2200 685 2234 Nachdem
712 2200 781 2233 Liv.
800 2211 868 2233 von

185 2249 239 2289 22,
263 2249 286 2281 4
310 2247 364 2280 bis
389 2246 524 2280 hierher
549 2246 604 2279 die
621 2245 815 2288 Ereignisse
833 2245 868 2278 in

184 2292 407 2326 Macedonien
440 2292 506 2326 und
540 2291 788 2325 Griechenland
823 2291 868 2324 im

184 2338 328 2372 Herbste
354 2340 418 2372 200
448 2340 488 2377 (5.
515 2339 568 2378 22,
593 2339 716 2379 4-32,
743 2339 776 2375 5)
800 2336 869 2370 und

184 2384 230 2417 im
255 2384 423 2426 Frfihjahr
455 2383 524 2417 und
549 2382 705 2416 Sommer
734 2384 795 2415 199
829 2384 871 2425 (s.

185 2430 239 2470 33,
269 2432 388 2470 1-47,
414 2431 447 2471 3)
479 2429 567 2462 nach
601 2428 766 2471 Polybios
797 2427 872 2461 dar-

186 2474 326 2516 gestellt
358 2475 434 2515 hat,
469 2475 542 2507 holt
575 2484 610 2507 er
638 2475 728 2515 jetzt
760 2473 870 2506 einem

185 2519 387 2553 Annalisten
414 2519 553 2563 folgend
584 2520 688 2561 nach,
721 2529 793 2552 was
817 2518 870 2551 bis

917 1747 1025 1788 ‚iiber
1054 1746 1192 1789 praeda
1223 1756 1249 1780 s.
1282 1748 1337 1787 41,
1377 1758 1406 1786 ι;
1446 1759 1470 1785 ι,

942 1120 1018 1143 zum
1043 1109 1181 1152 Ansang
1216 1111 1280 1143 199
1310 1110 1345 1142 in
1369 1109 1508 1146 Italien,
1541 1108 1627 1142 Rom

943 1166 974 1188 u.
994 1166 1019 1189 s.
1038 1165 1083 1188 W.
1117 1155 1311 1198 geschehen
1343 1155 1389 1188 ist
1413 1156 1454 1196 (s.
1479 1158 1535 1197 47,
1559 1157 1628 1188 4-

943 1202 997 1242 32,
1023 1202 1053 1242 2,
1080 1203 1124 1242 Τ).

987 1245 1048 1289 47,
1073 1245 1207 1290 4—49,
1233 1248 1263 1280 3.
1286 1245 1451 1289 Triumph
1469 1245 1530 1279 des
1547 1244 1629 1279 Pra-

944 1296 1014 1325 tors
1027 1291 1061 1325 L.
1080 1291 1213 1325 Furius.
1249 1290 1312 1324 Dio
1331 1291 1424 1324 Cass.
1440 1291 1480 1325 fr.
1500 1293 1554 1332 57,
1572 1293 1627 1326 81.

987 1340 1018 1371 4.
1034 1338 1158 1370 consul
1171 1337 1263 1370 alter
1277 1362 1284 1370 .
1301 1339 1322 1378 .]
1336 1336 1462 1380 knfipft
1479 1346 1521 1370 an
1538 1338 1592 1377 22,
1607 1340 1626 1371 3

942 1393 984 1415 an
1011 1382 1078 1416 und
1104 1382 1181 1415 sallt
1209 1382 1298 1416 noch
1322 1382 1358 1416 in
1383 1382 1447 1416 den
1473 1382 1628 1416 Sommer

941 1430 1018 1461 200.
1041 1447 1087 1451 —
1112 1428 1210 1460 haud
1231 1429 1322 1461 elam
1347 1428 1442 1469 tulit]
1460 1428 1529 1470 vgl.
1549 1427 1626 1462 Ter.

910 1514 913 1515 ⁷
940 1473 1002 1506 Ad.
1036 1474 1119 1506 323:
1154 1484 1268 1516 neque
1298 1473 1338 1506 id
1367 1473 1502 1506 occulte
1535 1472 1626 1513 Γᾶν-ῖς

941 1519 1008 1551 Cic.
1034 1529 1067 1561 p.
1094 1518 1225 1552 Cluent.
1252 1520 1312 1558 54;
1338 1518 1454 1561 parad.
1481 1521 1511 1559 6,
1536 1521 1591 1553 45.

994 1567 1025 1598 5.
1061 1574 1140 1596 cum
1166 1564 1306 1606 praeda
1338 1566 1475 1597 maim-e
1493 1591 1500 1597 .
1520 1566 1556 1605 .]
1581 1581 1627 1594 =

940 1611 991 1641 ita
1018 1612 1059 1641 ut
1078 1610 1160 1652 plus
1176 1610 1336 1652 praedae
1359 1608 1497 1649 faceret
1519 1620 1625 1652 quam

936 1655 1096 1698 gloriam
1127 1656 1197 1688 sibi
1224 1658 1390 1698 parm-est
1417 1655 1505 1689 doch
1535 1655 1626 1698 palst

941 1711 1020 1734 cum
1036 1700 1132 1733 mehr
1148 1711 1191 1734 zu
1205 1701 1326 1743 gloria
1345 1700 1395 1733 als
1412 1711 1454 1733 zu
1466 1701 1624 1743 praedm

1370 1749 1388 1759 μ.
1440 1748 1457 1757 n

1505 1747 1557 1787 16,
1586 1748 1624 1780 4;

938 1792 1096 1835 praedae
1118 1794 1234 1834 magis
1263 1802 1370 1834 quam
1390 1801 1540 1834 pugnae
1559 1802 1626 1835 pa-

941 1841 1053 1870 ratus.

988 1885 1018 1917 6.
1044 1884 1243 1923 imminens]
1270 1892 1296 1915 s.
1324 1884 1376 1924 14,
1403 1886 1438 1922 5;
1464 1884 1496 1923 3,
1521 1885 1574 1923 51,
1593 1885 1626 1918 9.

941 1947 984 1951 —
1018 1928 1214 1968 invidente]
1245 1928 1289 1960 ist
1321 1928 1457 1961 absolut
1493 1933 1624 1971 gesagt.

941 1992 986 1996 ——
1018 1975 1219 2016 impetrari]
1251 1972 1337 2006 dazu
1369 1973 1415 2006 ist
1446 1973 1507 2007 das
1538 1972 1627 2006 Sub·

936 2018 1015 2060 jekt
1029 2029 1107 2050 eum
1120 2020 1368 2061 (triumphum)
1383 2028 1444 2051 aus
1453 2018 1530 2052 dem
1539 2018 1624 2052 Vor-

941 2063 1180 2106 hergehenden
1206 2074 1245 2097 zu
1265 2064 1481 2098 entnehmen.
1506 2083 1552 2089 —-
1575 2076 1627 2097 se-

940 2112 1064 2141 natum
1081 2134 1088 2142 .
1104 2133 1111 2142 .
1127 2110 1267 2149 habuit]
1298 2119 1398 2142 wozu
1423 2120 1460 2143 er
1484 2120 1527 2143 an
1552 2110 1625 2143 sich

940 2153 1009 2187 und
1026 2154 1214 2188 hesonders
1232 2155 1287 2188 bei
1305 2154 1364 2188 der
1379 2155 1625 2189 Abwesenheit

940 2199 998 2232 der
1023 2199 1177 2233 Konsuln
1212 2200 1335 2243 befugt
1357 2210 1441 2234 war.
1470 2219 1515 2224 -
1543 2201 1625 2234 Bel-

940 2246 1055 2286 lonae]
1081 2255 1107 2278 s.
1134 2256 1176 2278 zu
1200 2247 1254 2287 26,
1280 2247 1335 2288 21,
1362 2248 1392 2279 1.
1416 2265 1462 2270 -
1483 2247 1609 2289 petitJ*

983 2290 1046 2325 48.
1064 2293 1091 2323 1.
1107 2291 1206 2334 apud
1217 2317 1224 2324 .
1240 2316 1248 2324 .
1263 2290 1414 2335 valebat]
1427 2302 1453 2324 5.
1473 2294 1500 2333 1,
1515 2293 1569 2332 30,
1584 2294 1623 2329 ῖς

941 2338 970 2378 8,
989 2337 1043 2378 33,
1071 2338 1100 2370 7.
1125 2355 1170 2360 —
1194 2346 1363 2378 magnam
1385 2338 1539 2379 partem]
1556 2337 1623 2370 wie

941 2383 1015 2423 §63
1042 2398 1085 2410 ==
1112 2381 1213 2423 viele,
1238 2381 1334 2415 nicht
1357 2381 1412 2414 die
1436 2381 1622 2424 MaJoritat.

987 2429 1018 2459 2.
1045 2429 1199 2459 maiores
1221 2429 1326 2468 natu]
1350 2437 1420 2460 von
1440 2426 1551 2461 denen
1568 2427 1623 2460 die

941 2472 1146 2505 consulat-es
1163 2475 1203 2514 (s.
1220 2473 1240 2515 ξ
1255 2474 1289 2514 3)
1302 2482 1365 2505 nur
1378 2472 1434 2505 ein
1447 2471 1522 2506 Teil
1535 2472 1621 2506 sind.

940 2537 984 2541 -
1010 2520 1205 2560 negabant]
1237 2517 1268 2551 d.
1301 2517 1334 2550 h.
1368 2518 1418 2552 sie
1449 2518 1623 2552 stimmten
