1795 2844
561 51 695 88 ,LIBER
718 50 879 86 xxxlm.
929 49 1024 84 CAP.
1054 51 1106 84 19.
1133 51 1188 83 20.
1523 44 1600 83 121

144 73 170 91 a.
189 65 256 92 Chr.
274 72 305 91 n.
325 64 383 91 195.

142 179 354 214 moventur
373 184 430 219 re,
461 170 666 224 persoluto
688 169 886 223 stipendio
911 182 992 208 non
1016 168 1098 208 suis
1119 168 1237 207 modo
1261 167 1329 207 sed
1352 167 1467 206 etiam
1490 178 1604 220 prae-

143 230 242 272 toris
261 229 456 270 militibus
484 228 706 280 relictoque
727 227 836 267 omni
867 227 1043 266 exercitu
1065 227 1105 266 in
1141 226 1282 266 castris
1302 224 1498 278 praetoris
1518 224 1604 277 ipse

143 301 236 330 cum
256 294 408 342 septem
426 286 659 326 cohortibus
679 286 726 325 ad
744 285 936 324 Hiberum
959 290 1017 323 est
1034 296 1254 336 regressus.
1296 296 1340 322 ea
1361 289 1443 322 tam
1465 282 1604 333 exigua
1621 282 1674 319 20

143 359 266 387 manu
288 345 435 398 oppida
461 345 615 397 aliquot
639 343 757 397 cepit.
800 342 981 382 defecere
1001 342 1049 381 ad
1067 355 1157 381 eum
1177 341 1376 387 Sedetani,
1399 339 1604 386 Ausetani,

144 404 387 445 Suessetani.
428 403 672 448 Lacetanos,
701 400 853 440 deviam
875 406 915 439 et
937 399 1156 439 silvestrem
1180 406 1353 451 gentem,
1375 411 1467 438 cum
1489 397 1606 437 insita
1636 403 1656 435 2

143 462 278 502 feritas
299 460 531 501 continebat
551 460 592 499 in
615 459 749 502 armis.
778 465 863 498 tum
887 457 1144 504 conscientia,
1176 458 1269 496 dum
1292 455 1431 496 consul
1455 455 1605 495 exerci-

144 527 289 572 tusque
310 518 491 559 Turdulo
513 517 619 557 bello
643 522 745 556 esset
766 522 1000 569 occupatus,
1022 515 1355 568 depopulatorum
1378 513 1521 554 subitis
1543 513 1605 552 in-

143 577 400 618 cursionibus
429 575 645 616 sociorum.
687 574 809 625 igitur
829 574 877 613 ad
909 573 1101 626 oppidum
1127 585 1265 612 eorum
1289 571 1604 625 oppugnandum
1636 576 1655 608 3

145 635 288 676 consul
308 634 419 674 ducit
441 646 522 673 non
544 632 744 672 Romanas
763 632 884 671 modo
906 632 1107 676 cohortes,
1130 631 1197 670 sed
1220 631 1464 670 iuventutem
1488 629 1606 669 etiam

142 693 287 734 merito
318 693 568 732 infensorum
591 691 639 730 iis
668 689 883 729 sociorum.
927 689 1121 742 oppidum
1149 688 1339 740 longum,
1368 688 1407 726 in
1431 687 1604 726 latitudi-
1634 692 1654 724 4

143 764 235 792 nem
265 751 574 802 haudquaquam
602 748 838 787 tantundem
868 754 1008 800 patens
1039 747 1248 786 habebant.
1292 745 1606 798 quadringentos

142 809 236 849 inde
266 809 389 848 ferme
418 819 562 860 passus
597 806 807 846 constituit
837 806 962 857 signa.
1014 804 1068 843 ibi
1105 804 1346 843 delectarum
1383 803 1607 842 cohortium
1638 810 1657 842 5

139 866 353 907 stationem
380 866 614 917 relinquens
637 864 837 916 praecepit
860 863 932 909 iis,
963 875 1014 901 ne
1036 875 1078 902 se
1101 874 1148 901 ex
1179 874 1226 901 eo
1250 862 1338 901 loco
1360 867 1452 901 ante
1472 873 1607 900 move-

140 930 255 972 rent,
284 935 402 976 quam
433 923 521 975 ipse
551 922 599 962 ad
632 934 701 960 eos
730 921 925 969 venisset3
959 927 1110 960 ceteras
1141 920 1276 972 copias
1308 919 1354 958 ad
1377 919 1607 958 ulteriorem

140 988 297 1036 partem
317 981 431 1021 urbis
452 979 729 1020 circumducit.
769 980 986 1018 maximum
1009 991 1054 1018 ex
1079 978 1265 1017 omnibus
1286 976 1443 1016 auxiliis
1466 988 1607 1016 nume-

140 1052 231 1080 rum
254 1039 516 1079 Suessetanae
544 1037 763 1077 iuventutis
793 1036 985 1085 habebat;
1018 1049 1086 1076 eos
1108 1036 1153 1075 ad
1186 1047 1344 1075 murum
1368 1047 1608 1087 oppugnan-

142 1098 236 1138 dum
267 1097 402 1137 subire
430 1095 553 1135 iubet.
596 1107 767 1147 quorum
798 1094 865 1133 ubi
888 1106 994 1134 arma
1026 1093 1220 1145 signaque
1242 1093 1433 1132 Lacetani
1456 1104 1607 1144 cogno-
1637 1104 1658 1135 6

141 1167 246 1203 vere,
267 1166 478 1201 memores,
502 1165 620 1205 quam
644 1165 762 1205 saepe
784 1152 824 1191 in
847 1164 942 1203 agro
961 1164 1099 1191 eorum
1122 1152 1288 1203 impune
1306 1150 1608 1203 persanassent,

143 1213 330 1266 quotiens
349 1211 461 1265 ipsos
477 1210 602 1262 signis
623 1210 776 1250 collatis
798 1210 994 1249 fudissent
1010 1210 1307 1261 fugassentque,
1330 1209 1522 1260 patefacta
1546 1220 1608 1247 re-

143 1277 266 1324 pente
295 1276 412 1323 porta
442 1268 617 1308 universi
649 1268 690 1307 in
723 1280 790 1307 eos
829 1275 1058 1320 erumpunt.
1110 1268 1172 1305 vix
1209 1267 1422 1305 clamorem
1455 1278 1608 1305 eorum.
1639 1277 1657 1309 7

143 1328 290 1368 nedum
313 1328 507 1380 impetum
531 1326 759 1365 Suessetani
782 1325 922 1365 tulere.
976 1325 1082 1378 quod
1114 1330 1348 1377 postquam,
1377 1324 1478 1363 sicut
1501 1323 1608 1363 sutu-

141 1398 231 1426 rum
253 1391 363 1425 ratus
384 1390 488 1431 erat,
521 1383 664 1423 consul
684 1383 771 1422 fieri
799 1384 914 1423 etiam
938 1383 1056 1429 vidit,
1091 1395 1194 1434 equo
1219 1382 1338 1421 citato
1361 1381 1499 1421 subter
1519 1394 1608 1421 mu·
1638 1392 1658 1425 3

143 1456 233 1484 rum
271 1443 448 1483 hostium
482 1442 529 1481 ad
566 1442 751 1481 cohortes
787 1441 967 1480 avehitur
995 1448 1114 1493 atque
1144 1453 1209 1479 eas
1238 1446 1437 1492 arreptas,
1474 1439 1610 1479 effusis

144 1500 332 1541 omnibus
358 1500 404 1540 ad
436 1500 663 1552 sequendos
696 1498 982 1544 Suessetanos,
1022 1511 1097 1551 qua
1128 1497 1330 1537 silentium
1361 1510 1406 1536 ac
1437 1497 1609 1537 solitudo

144 1582 200 1622 15,
226 1581 258 1612 7.
281 1598 328 1603 —
356 1578 542 1621 persoluto
574 1578 766 1620 stipendio]
803 1588 840 1611 es

143 1626 190 1658 ist
214 1625 311 1659 wohl
335 1623 396 1658 der
420 1623 632 1664 Jahressold‚
658 1624 754 1657 nicht
780 1623 841 1657 das

142 1671 365 1715 stipendium
381 1674 558 1711 semestre,
571 1670 735 1713 gemeint,
751 1669 840 1703 denn

146 1718 206 1752 der
222 1716 490 1760 Jahresfeldzug
507 1717 554 1749 ist
570 1727 612 1749 zu
629 1715 743 1753 Ende:
771 1716 842 1759 vgl.

142 1774 186 1797 zu
201 1764 257 1806 20,
274 1765 307 1798 9.
332 1782 378 1787 —-
403 1765 534 1796 castr-is
552 1762 773 1805 praetoris]*
799 1782 843 1786 ——

142 1812 276 1852 septem
294 1809 516 1852 cohortibus]
534 1808 588 1841 die
602 1808 744 1851 geringe
758 1807 841 1841 Zahl

143 1855 278 1889 konnte
311 1855 411 1888 dasfir
443 1855 632 1898 sprechen‚
670 1853 746 1888 dass
781 1854 842 1887 das

143 1901 236 1936 Heer
268 1901 380 1935 selbst
411 1901 507 1934 nicht
540 1901 619 1933 sehr
645 1900 729 1933 weit
761 1911 843 1933 vom

145 1947 308 1989 Hiberus,
325 1947 413 1980 nach
430 1947 504 1980 Liv.
523 1946 596 1980 also
616 1946 711 1980 nicht
730 1946 765 1978 in
779 1945 844 1979 Ba-

143 1995 224 2035 tica,
249 1993 441 2037 gestanden
458 1993 528 2026 hat.
554 2012 599 2017 —
622 1993 844 2035 regressus]*

190 2038 254 2075 20.
281 2041 312 2074 1.
338 2039 510 2080 defecere]
545 2038 649 2073 niiml.
683 2049 751 2071 von
785 2038 844 2071 der

143 2085 322 2120 Koalition
349 2085 409 2119 der
433 2085 641 2129 spanischen
669 2083 809 2117 Vfflker.

193 2133 225 2166 2.
251 2132 463 2173 Lacetanos]
483 2142 510 2166 s.
524 2142 565 2164 zu
585 2133 640 2171 21,
655 2132 709 2172 23,
725 2132 761 2169 2;
781 2130 843 2164 das

145 2176 239 2211 Volk
272 2177 414 2211 wohnte
449 2188 518 2210 von
550 2177 616 2210 den
649 2176 842 2220 Abhangen

147 2223 208 2257 der
232 2223 415 2268 Pyrenaen
445 2223 501 2257 bis
535 2223 622 2257 nach
651 2222 738 2256 Osca
773 2222 843 2256 und

145 2269 255 2303 Ilerda
270 2270 340 2304 hin.
365 2269 538 2313 Ubrigens
555 2269 659 2304 sollte
673 2279 752 2301 man
768 2268 846 2301 das-

147 2315 245 2349 selbe
263 2316 330 2349 wie
356 2315 411 2349 die
437 2315 627 2349 Sedetaner
653 2315 845 2355 (vielleicht.

147 2362 183 2394 in
198 2362 258 2395 der
274 2362 371 2395 Nahe
386 2361 447 2395 des
473 2363 634 2406 spateren
659 2361 844 2394 Caesarau-

149 2410 269 2450 gusta;
302 2419 329 2442 s.
354 2407 445 2442 Plin.
471 2410 504 2450 3,
530 2410 589 2447 24;
622 2407 731 2440 Ukert
766 2409 844 2441 315.

148 2455 252 2495 317),
286 2453 341 2487 die
365 2453 560 2487 Ausetaner
597 2455 638 2495 (s.
665 2455 720 2495 21,
739 2454 794 2494 23,
813 2455 845 2486 2.

150 2501 207 2541 61,
224 2501 271 2541 8),
295 2499 474 2533 vielleicht
507 2500 595 2533 auch
623 2499 677 2533 die
703 2499 848 2533 Suesse-

153 2549 251 2579 taner
266 2546 308 2588 (s.
328 2547 383 2588 25,
401 2546 456 2589 34,
474 2548 509 2588 6)
526 2547 614 2579 nach
635 2548 688 2581 16.
707 2548 745 2580 6:
774 2547 846 2577 iam

913 1577 1200 1611 omnz's..schon
1237 1576 1475 1610 unterworfen
1514 1576 1610 1619 glau-

912 1624 991 1657 ben.
1017 1644 1061 1648 —
1089 1622 1210 1664 esset*]
1229 1643 1273 1647 —
1293 1624 1488 1663 sociorum]
1508 1633 1535 1657 s.
1555 1624 1610 1658 11.

913 1672 932 1749 Ξ
949 1670 1054 1750 1”.1216ὦ
1065 1672 1097 1704 6.
1122 1689 1167 1694 —
1191 1669 1373 1702 Romanas
1387 1695 1394 1702 .
1410 1695 1417 1702 .
1434 1670 1610 1709 cohortes]

962 1765 994 1795 5.
1021 1762 1239 1795 delectarum
1267 1763 1485 1802 cohortium]
1506 1762 1611 1803 sit—1,

918 1811 956 1846 ῖς
982 1808 1052 1851 vgl.
1080 1808 1134 1841 die
1161 1807 1271 1841 Stelle
1297 1818 1358 1841 aus
1379 1807 1543 1840 Plutarch
1569 1818 1611 1840 zu

915 1856 936 1898 ξ
962 1856 995 1889 9,
1020 1874 1066 1879 -
1099 1856 1392 1894 samonem-ent]
1421 1864 1448 1887 S.
1474 1855 1530 1896 24,
1559 1855 1613 1890 19,

916 1904 946 1935 5.
973 1921 1018 1924 —
1044 1901 1265 1941 ulter-[orem]
1292 1900 1366 1933 hier
1390 1915 1436 1927 =
1463 1899 1613 1933 entsern-

916 1950 978 1988 ter,
1005 1946 1067 1980 auf
1081 1945 1141 1979 der
1162 1946 1311 1979 anderen
1331 1945 1426 1979 Seite
1452 1945 1612 1989 gelegen.

916 2013 959 2018 ——
992 1994 1148 2033 murum]
1180 1992 1260 2025 weil
1295 1993 1345 2026 sie
1382 2002 1446 2025 nur
1480 2002 1522 2024 an
1557 1991 1612 2025 die

914 2038 1033 2072 Mauer
1050 2038 1197 2076 ruckem
1225 2043 1323 2072 sonst
1348 2037 1451 2072 heisst
1471 2048 1518 2076 es,
1544 2039 1611 2072 wie

914 2087 935 2128 ξ
963 2087 994 2127 3,
1021 2085 1192 2127 oppidum
1218 2095 1443 2128 oppugnare.

962 2134 992 2165 6.
1010 2129 1304 2175 persultassent*]
1319 2142 1346 2165 s.
1361 2133 1417 2171 44,
1432 2133 1464 2167 9.
1477 2132 1494 2163 ἵ
1507 2144 1514 2167 ς
1529 2129 1612 2165 Tac.

915 2177 1004 2210 Ann.
1028 2180 1077 2219 11,
1099 2179 1119 2211 9
1145 2189 1178 2211 u.
1205 2187 1254 2215 a.;
1281 2177 1352 2220 vgl.
1378 2177 1449 2210 Liv.
1477 2178 1532 2213 23.
1556 2178 1612 2215 42,

918 2227 976 2257 10:
1001 2235 1233 2267 percursare.

963 2273 993 2303 7.
1017 2269 1163 2311 tulere?
1183 2289 1228 2294 —
1248 2272 1352 2302 ratus
1366 2272 1465 2301 erat.
1483 2296 1489 2301 .
1505 2270 1614 2300 eliam

919 2317 1021 2358 vidit]
1050 2316 1108 2350 der
1126 2315 1245 2358 Ersolg
1273 2315 1458 2359 entsprach
1477 2314 1536 2348 der
1554 2313 1613 2347 Er-

917 2367 1094 2405 wartung3
1120 2362 1192 2404 vgl.
1217 2365 1250 2401 4,
1270 2363 1300 2399 8,
1321 2364 1351 2394 5.

965 2410 996 2441 8.
1021 2410 1155 2449 subter]
1182 2407 1407 2440 unmittelbar
1430 2410 1530 2439 untes
1555 2404 1617 2439 der

916 2451 1036 2487 Mauer
1060 2454 1130 2487 hin.
1156 2473 1201 2477 —-
1226 2454 1407 2493 avehitur]
1435 2462 1461 2486 s.
1484 2454 1539 2486 45.
1559 2453 1614 2489 33.

917 2502 955 2538 43
982 2500 1052 2542 vgl.
1076 2503 1102 2535 1.
1122 2502 1176 2539 57,
1196 2501 1234 2533 8:
1253 2500 1377 2531 avolat
1391 2497 1551 2531 Romam.
1570 2517 1616 2521 —

918 2546 1102 2578 silentium
1128 2556 1171 2578 ac·
1195 2546 1366 2586 solitudo]
1392 2544 1464 2588 vgl.
1489 2546 1541 2587 10,
1560 2546 1615 2584 34,
