1795 2844
113 101 138 121 a.
151 93 218 121 clu.
236 101 266 121 n.
292 93 351 121 195.

543 80 669 115 LIBER
692 80 853 117 xxxun.
903 80 998 117 CAP.
1025 82 1078 116 36.
1106 83 1160 116 37.

1491 79 1566 119 147

115 199 157 239 in
180 204 333 238 secreto
350 196 590 238 volutaverat
611 210 701 238 cum
721 197 872 246 amicis,
895 196 1010 249 vulgo
1033 205 1162 237 tamen
1186 209 1325 237 omnes
1340 198 1442 237 sama
1463 198 1564 238 fere—

113 255 223 304 bant,
243 255 374 303 vanis,
405 263 449 295 ut
478 255 526 294 ad
548 260 718 295 ceteram
739 254 871 303 fidem,
904 229 1028 294 51οΟοᾱ
1059 261 1208 295 secreta
1230 255 1396 306 tegenda
1418 255 1564 295 satelli-

112 319 197 353 tum
218 312 420 364 regiorum
442 312 626 364 ingeniis.
670 324 752 352 non
774 319 853 352 tam
877 312 1009 351 omnia
1031 312 1218 361 universi,
1245 324 1362 364 quam
1385 324 1441 361 ea,
1465 325 1564 365 quae
1596 321 1614 353 5

111 370 159 410 ad
181 382 379 434 quemque
400 370 658 423 pertinerent,
679 369 826 421 singuli
849 369 1075 422 carpebant.
1113 369 1180 422 qui
1197 369 1356 410 exulum
1373 370 1564 423 coniuges

111 427 153 467 in
175 427 429 467 matrimonio
451 426 648 467 habebant
669 433 735 466 aut
757 439 802 466 ex
824 425 941 466 bonis
963 439 1100 466 eorum
1123 427 1270 480 aliquid
1293 427 1563 491 possederant,

110 490 312 538 tamquam
333 484 529 532 amissuri,
560 496 641 524 non
663 483 856 524 reddituri
883 484 1204 536 indignabantur.
1248 485 1369 524 servis
1388 484 1566 526 liberatis
1597 493 1616 524 6

110 554 132 582 a
163 548 329 594 tyranno
364 554 445 581 non
475 541 585 582 irrita
614 541 734 581 modo
767 541 899 581 sutura
929 541 1112 590 libertas,
1145 542 1211 581 sed
1241 542 1367 582 multo
1399 542 1563 592 foedior,

110 612 230 652 quam
250 599 389 639 fuisset
410 605 522 647 ante,
552 598 719 639 servitus
740 598 1002 639 redeuntibus
1033 599 1073 639 in
1096 599 1287 639 iratorum
1309 600 1563 640 dominorum

109 663 348 709 potestatem
370 663 461 697 ante
483 656 621 696 oculos
644 655 934 696 obversabatur.
966 657 1230 697 mercennarii
1247 657 1391 697 milites
1413 664 1450 697 et
1470 671 1562 711 pre·
1593 665 1613 696 7

109 714 162 753 tia
182 713 346 753 militiae
369 726 508 754 casura
528 714 569 753 in
592 726 690 767 pace
711 726 828 766 aegre
850 714 1031 754 ferebant
1051 720 1091 754 et
1110 714 1281 754 reditum
1302 714 1377 754 sibi
1407 715 1564 755 nullum

109 770 150 811 in
173 771 348 811 civitates
369 770 566 820 videbant,
599 771 775 811 infensas
797 784 881 811 non
902 772 1080 823 tyrannis
1100 772 1225 824 magis
1247 785 1364 824 quam
1386 772 1563 813 satelliti-

107 827 184 869 bus
215 840 366 868 eorum.
417 828 515 868 haec
544 829 650 868 inter
671 841 713 868 se
744 828 874 881 primo
904 829 946 868 in
977 828 1135 869 circulis
1164 838 1342 869 serentes
1371 830 1561 879 fremere;
1584 831 1632 868 37

108 885 252 926 deinde
280 885 411 925 subito
441 885 490 926 ad
519 898 627 926 arma
656 886 941 926 discurrerunt.

995 899 1073 939 quo
1105 886 1277 926 tumultu
1309 899 1401 926 cum
1430 900 1503 941 per
1524 901 1565 928 se
1596 893 1615 926 2

107 942 202 983 satis
222 943 413 983 irritatam
434 943 730 983 multitudinem
760 950 944 984 cerneret
964 951 1171 997 tyrannus,
1194 944 1426 984 contionem
1447 945 1564 985 advo-

108 1000 188 1040 cari
208 1000 334 1040 iussit.
385 1000 453 1040 ubi
484 1013 575 1041 cum
598 1014 665 1050 ea,
698 1014 797 1054 quae
826 1001 1118 1055 imperarentur
1147 1001 1194 1041 ab
1218 1001 1420 1051 Romanis,
1443 1015 1565 1056 expo-
1595 1009 1613 1040 3

107 1058 254 1098 suisset
274 1064 313 1097 et
334 1058 512 1109 graviora
532 1065 651 1111 atque
672 1058 898 1110 indigniora
928 1060 1119 1112 quaedam
1141 1059 1239 1099 falso
1262 1060 1503 1109 adfinxisset,
1526 1067 1565 1100 et

107 1116 156 1154 ad
178 1115 334 1167 singula
356 1127 465 1155 nunc
486 1115 534 1155 ab
551 1116 760 1164 universis,
782 1129 891 1156 nunc
912 1129 933 1156 a
954 1116 1134 1169 partibus
1156 1117 1356 1157 contionis
1372 1117 1564 1158 acclama-

107 1178 233 1221 retur,
255 1172 526 1225 interrogavit,
549 1173 644 1225 quid
665 1186 707 1213 se
728 1174 972 1227 respondere
993 1174 1040 1214 ad
1063 1187 1107 1214 ea
1128 1180 1194 1214 aut
1217 1175 1312 1227 quid
1334 1175 1462 1215 facere
1482 1175 1563 1215 vel-

106 1250 229 1284 besten
255 1248 436 1294 Tmppen,
462 1250 493 1283 d.
520 1251 552 1283 h.
579 1251 674 1284 seine
699 1251 799 1284 aller-

106 1296 229 1329 besten
255 1295 421 1329 Soldaten
454 1296 548 1329 hatte
581 1307 617 1330 er
640 1296 797 1335 dorther;

104 1351 184 1375 zum
208 1341 331 1375 Ausdr.
357 1351 384 1375 S.
409 1344 465 1384 26,
488 1345 543 1384 47,
566 1344 603 1376 3:
634 1343 799 1375 multitu-

106 1388 226 1420 dinem
249 1387 454 1421 incolarum
470 1414 477 1421 .
494 1413 502 1421 .
517 1390 556 1420 in
581 1389 728 1421 classem
753 1390 802 1421 ad

103 1433 386 1476 supplementum
399 1436 576 1476 remigum
595 1434 708 1473 dedit;
727 1435 798 1478 vgl.

105 1481 138 1521 3,
152 1480 205 1520 63,
220 1480 256 1517 4;
275 1482 331 1520 40,
345 1481 401 1521 35,
418 1482 459 1513 14
477 1491 510 1514 u.
525 1490 554 1513 a.
573 1499 616 1503 —
634 1481 798 1521 hahebat]

103 1524 192 1558 nach
209 1526 355 1558 habenti
378 1525 423 1558 ist
448 1525 543 1558 woh]
569 1526 797 1560 unbeabsich-

103 1571 179 1613 tigt.

149 1618 182 1650 4.
199 1615 298 1656 fama
310 1616 490 1657 ferebant]
509 1617 578 1660 vgl.
594 1619 648 1659 23,
663 1619 717 1659 31,
735 1619 794 1651 13:

104 1662 279 1704 volgoque
293 1665 416 1705 patres
432 1664 485 1695 ita
501 1661 602 1702 fama
619 1662 795 1702 ferebant.

102 1727 148 1732 —
173 1707 346 1740 ceteram*
367 1708 488 1749 fidem]
513 1708 570 1742 die
594 1709 628 1741 in
647 1708 796 1742 anderen

102 1753 256 1796 Dingen,
297 1753 440 1787 anderer
480 1753 682 1798 Beziehung
721 1754 796 1788 sich

103 1798 284 1833 aussernde
309 1825 318 1833 .
344 1813 369 1838 .;
405 1810 432 1833 s.
459 1801 514 1842 25,
540 1801 592 1841 13,
616 1802 653 1833 7:
681 1804 798 1833 cetera

102 1845 289 1885 socordia3
316 1847 372 1886 42,
393 1847 448 1886 48,
463 1847 481 1878 2

102 1893 209 1924 catio.

149 1939 181 1971 5.
207 1937 339 1976 omnia]
370 1935 425 1969 die
454 1936 704 1980 Bedingungen
729 1938 797 1971 alle

104 1982 193 2017 ohne
217 1981 435 2020 Ausnahme;
461 1984 641 2016 universi:
667 1984 714 2015 im
732 1982 797 2017 Ge-

103 2031 267 2072 gensatze
281 2037 323 2060 zu
337 2027 403 2060 den
414 2027 613 2070 Einzelnen,
625 2028 680 2062 die
690 2028 796 2063 durch

103 2074 153 2107 ad
175 2083 348 2117 quemque
372 2077 458 2106 statt
483 2074 533 2106 ad
554 2086 590 2106 se
615 2076 656 2115 (S.
671 2076 724 2116 33,
740 2077 794 2118 32,

104 2122 139 2162 7)
168 2119 281 2153 neben
309 2120 448 2162 singuli
483 2120 573 2153 noch
606 2101 795 2154 beson’ders'

101 2164 265 2199 markiert
289 2165 448 2204 werden;
480 2166 550 2208 vgl.
570 2168 600 2207 7,
620 2167 674 2207 34,
692 2167 724 2200 8.
751 2186 796 2190 —

96 2207 385 2265 possederant]‘
390 2211 425 2244 in
449 2210 566 2245 Besitz
591 2222 797 2254 genommen

102 2252 246 2297 hatten',
262 2266 332 2289 von
343 2257 502 2299 possido.
514 2259 761 2293 —amzssw-i.
773 2260 795 2299 .]

102 2303 138 2336 in
162 2302 222 2336 der
237 2282 339 2345 lage,
367 2302 418 2336 als
443 2303 487 2336 ob
513 2303 563 2336 sie
589 2303 655 2343 (ihr
672 2304 797 2346 Eigen-

103 2350 190 2390 tum)
212 2347 394 2389 verlieren,
419 2348 514 2382 nicht
534 2329 732 2392 (fremdes)0
735 2360 794 2382 zu-

101 2393 301 2436 rfickgeben
325 2394 492 2433 mnfstem
526 2395 597 2438 vgl.
623 2398 655 2437 4,
680 2397 735 2435 54,
762 2397 793 2429 7.

101 2459 147 2464 —
163 2439 463 2481 indignabantur]
481 2450 508 2474 s.
528 2442 581 2482 31,
596 2442 649 2482 30,
666 2443 701 2479 2;
721 2451 794 2474 was

104 2484 232 2527 Objekt
257 2484 330 2518 sein
348 2485 462 2528 sollte,
487 2486 533 2519 ist
556 2487 592 2519 in
611 2490 793 2530 tamquam

102 2556 111 2565 .
138 2557 146 2564 .
172 2530 355 2563 reddituri
391 2531 442 2564 als
478 2532 635 2566 Attribut
672 2543 795 2576 ausge-

102 2575 238 2611 druckt.

497 1859 504 1878 :
532 1849 649 1878 cetera
675 1847 798 1889 depre-

917 1254 949 1285 6.
973 1254 1098 1293 servis]
1125 1252 1191 1293 die,
1217 1263 1287 1286 von
1304 1253 1416 1286 denen
1435 1256 1491 1296 31,
1512 1256 1564 1288 14.

872 1300 927 1339 35,
941 1300 961 1332 4
986 1298 1041 1331 die
1060 1297 1152 1332 Rede
1179 1308 1264 1337 war;
1292 1309 1318 1332 s.
1335 1301 1387 1339 38,
1402 1302 1456 1339 34,
1472 1301 1503 1334 2.
1518 1319 1564 1324 —

870 1325 1143 1385 redeunti‘bus]
1149 1354 1251 1377 wenn
1269 1345 1346 1378 sie.
1364 1342 1566 1381 .mul'sten'.

919 1392 948 1422 7.
964 1392 1108 1430 casura]
1125 1385 1256 1432 fallen,
1273 1392 1333 1432 (im
1351 1390 1478 1433 Preise)
1496 1392 1566 1425 sin-

870 1432 968 1474 ken';
994 1436 1064 1479 vgl.
1091 1435 1158 1469 Cic.
1178 1437 1213 1469 in
1232 1435 1325 1471 Verr.
1345 1440 1376 1479 4,
1397 1439 1457 1471 12:
1484 1448 1568 1471 con-

872 1462 1013 1520 eidzs'w
1048 1492 1111 1515 nur
1142 1481 1206 1515 den
1234 1463 1418 1526 Tyrann’en
1449 1493 1568 1517 waren

869 1528 919 1560 sie
957 1528 1072 1570 notig;
1111 1537 1138 1562 s.
1163 1527 1238 1562 Pol.
1265 1531 1317 1570 11,
1340 1530 1392 1562 13.
1417 1548 1462 1553 -
1485 1530 1568 1563 nul-

869 1573 975 1614 lum]*
992 1592 1037 1597 —
1055 1574 1228 1616 civitates]
1244 1573 1299 1607 die
1314 1574 1458 1617 iibrigen
1474 1576 1562 1618 grie-

868 1619 1042 1660 chischen,
1062 1620 1152 1661 Jetzt
1178 1619 1324 1654 freien
1343 1619 1497 1655 Staaten.
1515 1641 1561 1646 —

868 1665 1073 1708 tyrannm*

913 1710 969 1746 37.
998 1714 1028 1744 1.
1061 1712 1100 1743 z'n
1124 1711 1295 1743 circulis*
1311 1737 1319 1745 .
1335 1714 1356 1753 .]
1383 1722 1410 1745 s.
1437 1714 1492 1754 61,
1518 1715 1558 1753 5;

868 1758 899 1797 7,
928 1759 980 1796 12,
1001 1758 1059 1795 14;
1086 1758 1140 1797 32,
1155 1758 1210 1797 20,
1225 1759 1262 1796 3;
1288 1760 1344 1798 44,
1362 1759 1417 1800 22,
1432 1760 1469 1797 8;
1488 1759 1560 1802 vgl.

868 1803 923 1843 28,
950 1804 1004 1843 25,
1029 1805 1068 1836 5:
1102 1804 1164 1834 ubi
1198 1814 1378 1836 Sermones
1407 1806 1502 1837 inter
1524 1816 1562 1837 se

867 1850 1065 1880 serentium
1102 1849 1257 1881 circulos
1298 1850 1476 1883 vidissent.
1514 1870 1560 1875 —

868 1895 1036 1934 serentes]
1062 1894 1132 1936 vgl.
1160 1896 1190 1935 7,
1209 1896 1263 1935 39,
1279 1897 1317 1928 6:
1344 1897 1451 1928 haec.
1467 1907 1563 1929 ,ser-

867 1941 1033 1972 monibus
1048 1942 1188 1979 seran&
1208 1940 1258 1973 oft
1270 1951 1460 1982 sermonem,
1481 1952 1560 1974 ora-

869 1987 996 2028 tiones,
1029 1988 1228 2018 certamina
1260 1997 1379 2019 serere
1399 1998 1431 2020 u.
1461 1998 1490 2021 a.
1516 2006 1562 2012 —

869 2032 918 2064 ad
940 2042 1043 2064 arma
1075 2031 1341 2073 discurrerunt]
1372 2032 1443 2066 und
1467 2044 1562 2067 zwar

867 2077 956 2110 ohne
981 2076 1114 2110 Besehl.

914 2125 944 2156 2.
970 2123 1247 2164 multitudinem]
1273 2123 1327 2157 die
1346 2124 1392 2157 im
1410 2124 1558 2158 Vorher-

867 2168 1048 2211 gehenden
1065 2169 1308 2212 geschflderte,
1334 2170 1388 2203 die
1406 2170 1480 2203 also
1501 2171 1559 2204 be-

867 2214 1009 2248 waffnet
1022 2215 1057 2247 in
1070 2215 1124 2248 die
1132 2214 1397 2259 Versarnmlung
1409 2215 1558 2255 kommt;

868 2271 894 2294 s.
921 2261 942 2303 ξ
970 2262 1005 2299 6ς
1031 2260 1101 2303 vgl.
1128 2263 1182 2303 27,
1207 2263 1239 2294 6.

915 2307 945 2340 3.
973 2306 1070 2347 ubst*
1092 2325 1138 2330 —
1158 2309 1336 2348 graviora
1359 2331 1367 2339 .
1393 2307 1413 2348 .]
1448 2318 1475 2340 s.
1501 2309 1558 2349 32,

866 2353 967 2391 35‚;3
1000 2363 1033 2385 u.
1059 2362 1088 2385 a.
1121 2371 1167 2374 —
1198 2352 1292 2391 falso
1330 2352 1558 2395 adffinoez'sset]

865 2397 1120 2441 pleonastisch,
1151 2397 1218 2430 wie
1243 2398 1352 2431 vieles
1377 2398 1558 2433 Ahnliche.

865 2462 912 2467 —
936 2443 1214 2485 acclamaretur]
1234 2443 1307 2476 hier
1324 2443 1471 2478 Zeichen
1497 2444 1559 2478 des

866 2487 1084 2522 Missfallens.
1121 2507 1167 2512 —
1202 2492 1268 2521 aut
1303 2491 1393 2532 quid
1419 2490 1556 2532 facere]

867 2534 969 2567 nfiml.
1002 2545 1055 2574 se,
1086 2535 1133 2567 im
1158 2534 1251 2567 Falle
1286 2545 1322 2568 er
1346 2536 1458 2570 nichts
1484 2540 1558 2570 ant-

866 2584 1000 2614 worten
1025 2579 1123 2614 solle.

1288 2626 1349 2665 10²?
