1795 2844
102 73 129 93 a.
148 65 214 94 Chr.
233 73 264 93 n.
282 65 342 92 196.
508 53 636 88 LIBER
659 52 804 87 XXXIII.
854 52 948 87 CAP.
973 55 1028 87 40.
1053 55 1108 88 41.
1506 49 1559 89 73

104 170 207 210 circa
229 168 515 222 Lysimachiam
539 170 631 216 sint,
663 182 779 222 quem
802 169 997 215 dubitare,
1021 170 1115 222 quin
1139 168 1361 221 Lysimachi
1384 167 1560 208 fuerint?

104 227 152 267 ad
173 239 217 266 ea
238 226 465 279 recipienda
486 228 527 266 in
557 228 764 279 antiquum
803 227 864 266 ius
892 227 1047 265 venisse
1078 234 1115 266 et
1137 225 1424 279 Lysimachiam
1454 225 1560 265 dele-

103 292 182 324 tam
204 283 403 323 Thracum
426 285 578 337 impetu
599 285 647 324 de
668 285 822 336 integro
844 285 1036 330 condere,
1066 291 1110 323 ut
1133 284 1324 323 Seleucus
1345 282 1449 322 filius
1471 294 1555 322 ean]

103 341 236 382 sedem
256 342 370 392 regni
392 342 545 382 habeat.
586 342 647 381 his
667 341 1022 394 disceptationibus
1043 354 1114 394 per
1135 341 1218 381 dies
1238 340 1387 393 aliquot
1409 340 1554 380 habitis
1576 338 1623 374 41

102 410 241 439 rumor
257 399 342 438 sine
365 399 446 438 ullo
464 399 556 439 satis
579 405 685 438 certo
703 405 865 438 auctore
887 398 1026 438 allatus
1043 399 1090 437 de
1112 406 1238 438 morte
1256 397 1472 437 Ptolomaei
1494 410 1556 437 re-

102 456 175 508 gis,
197 462 240 496 ut
265 455 399 496 nullus
417 457 544 496 exitus
564 456 829 508 inponeretur
844 455 1111 503 sermonibus,
1135 456 1278 495 effecit.
1316 467 1407 494 nam
1425 463 1460 494 et
1479 455 1556 495 dis·

102 513 312 553 simulabat
332 525 425 566 pars
445 519 613 566 utraque
635 526 676 553 se
697 513 866 561 audisse,
890 520 928 553 et
951 513 993 552 L.
1011 513 1234 561 Cornelius,
1258 513 1320 552 cui
1343 513 1486 564 legatio
1509 513 1556 552 ad

102 571 202 610 duos
222 583 350 622 reges,
372 571 611 610 Antiochum
634 571 1006 623 Ptolomaeumque,
1038 571 1218 610 mandata
1251 577 1353 618 erat,
1385 570 1556 622 spatium

101 628 247 667 modici
264 628 454 680 temporis
470 629 516 668 ad
535 629 852 668 conveniendum
871 628 1145 667 Ptolomaeum
1162 627 1334 680 petebat,
1352 635 1409 670 ut,
1427 627 1557 680 prius·
1587 628 1606 660 3

102 697 220 738 quam
251 692 476 725 moveretur
505 685 653 738 aliquid
675 686 716 725 in
741 698 838 725 nova
869 685 1122 738 possessione
1143 685 1278 737 regni,
1309 684 1558 737 praeveniret

100 742 142 782 in
160 743 395 794 Aegyptum,
418 748 455 782 et
473 743 695 782 Antiochus
712 755 823 782 suam
845 744 932 782 fore
950 746 1185 795 Aegyptum,
1208 743 1238 781 si
1259 748 1343 781 tum
1367 754 1557 794 occupas-

102 805 175 847 set,
206 799 405 842 censebat.
457 800 589 853 itaque
621 800 793 840 dimissis
814 800 1005 840 Romanis
1034 800 1253 852 relictoque
1277 799 1442 838 Seleuco
1475 798 1554 838 filio
1586 801 1605 833 4

100 869 191 896 cum
213 856 468 896 terrestribus
497 858 623 910 copiis
644 858 691 897 ad
718 858 1025 905 restituendam,
1055 864 1099 897 ut
1119 858 1359 902 instituerat,
1384 856 1557 908 Lysima-
1587 857 1606 889 5

102 913 231 954 chiam
259 913 346 966 ipse
377 914 485 954 omni
509 914 632 954 classe
664 915 819 967 navigat
840 915 1043 968 Ephesum
1058 946 1068 961 ,
1098 914 1236 966 legatis
1258 915 1304 953 ad
1327 913 1556 960 Quinctium

99 971 252 1019 missis,
285 971 353 1023 qui
374 972 422 1011 ad
443 972 562 1012 fidem
585 973 803 1012 faciendam
827 972 924 1012 nihil
947 979 1183 1012 novaturum
1205 984 1340 1022 regem
1362 972 1409 1010 de
1431 971 1557 1010 socie-

101 1035 180 1068 tate
197 1035 373 1080 agerent.
411 1041 520 1068 oram
538 1030 651 1070 Asiae
668 1030 805 1082 legens
820 1031 1000 1083 pervenit
1016 1030 1056 1069 in
1071 1029 1229 1081 Lyciam
1243 1029 1472 1081 Patarisque
1489 1040 1557 1068 co-

101 1085 212 1138 gnito
229 1086 356 1125 vivere
373 1085 646 1127 Ptolomaeum
665 1087 871 1139 navigandi
891 1088 1049 1140 quidem
1066 1087 1106 1126 in
1126 1087 1346 1139 Aegyptum
1367 1086 1556 1126 omissum

102 1142 315 1183 consilium
340 1150 418 1191 est3
442 1143 618 1196 Cyprum
642 1144 766 1184 nihilo
789 1145 921 1184 minus
942 1152 1096 1197 petens,
1119 1156 1209 1184 cum
1235 1143 1557 1183 Chelidoniarum
1587 1143 1606 1175 6

98 1200 423 1253 promunturium
456 1208 701 1254 superasset,
734 1202 936 1255 paulisper
967 1202 1163 1241 seditione
1194 1201 1388 1253 remigum
1412 1208 1471 1240 est
1492 1214 1555 1240 re—

98 1263 236 1297 tentus
252 1257 293 1296 in
306 1257 536 1310 Pamphylia
555 1259 658 1298 circa
674 1259 1011 1311 Eurymedontem
1027 1271 1196 1298 amnem.
1228 1259 1320 1298 inde
1334 1259 1556 1311 profectum
1587 1270 1604 1301 -ι

1588 456 1605 488 2

97 1333 167 1378 τὴν
189 1333 258 1382 γὰρ
286 1335 366 1369 τῶν
396 1332 528 1369 τόπων
559 1334 706 1370 τούτων
731 1334 793 1382 ἆρ-

97 1382 166 1423 χὴν
189 1378 350 1425 μάλιστα
372 1379 530 1415 πάντων
548 1379 650 1425 αὐτῷ
676 1382 793 1425 καθή-

97 1439 186 1461 κειν.
219 1447 264 1452 -
288 1429 328 1460 in
346 1430 537 1470 antiquum
561 1428 631 1472 ius]
651 1430 718 1462 wie
737 1431 790 1469 38,

99 1475 137 1512 1;
163 1473 233 1516 vgl.
253 1475 307 1515 35,
327 1474 380 1514 16,
405 1476 444 1507 6:
470 1475 509 1506 in
526 1475 584 1510 ius
601 1477 792 1518 antiquum

96 1520 238 1562 repetit.
256 1538 300 1543 —
322 1519 501 1552 Thracum
520 1520 669 1565 impetu]
688 1531 714 1554 S.
735 1522 790 1561 38,

98 1566 151 1598 11.
176 1583 222 1590 —
247 1564 428 1606 Seleucus]
461 1566 576 1609 spater
601 1566 652 1600 als
677 1566 791 1610 Konig

97 1609 264 1644 Seleucus
296 1609 352 1646 IV.
384 1610 598 1655 Philopator.
633 1631 680 1637 -—
714 1624 790 1646 eam

96 1657 226 1698 sedem]
253 1666 279 1689 s.
309 1658 338 1697 1,
359 1658 414 1698 30,
436 1659 464 1690 1.

140 1701 205 1737 41.
226 1705 255 1735 1.
271 1704 328 1735 lzis
341 1703 665 1745 disceptationibus
678 1728 686 1736 .
698 1705 718 1744 .]
736 1703 790 1737 die

97 1746 297 1791 Vorladung
329 1747 388 1781 der
420 1748 688 1791 Abgeordneten
721 1759 790 1782 von

96 1792 244 1838 Smyrna
280 1793 351 1827 und
381 1793 589 1837 Lampsacus
627 1794 687 1828 hat
718 1795 789 1829 Liv.

95 1839 330 1882 fibergangen.
367 1859 412 1863 —
450 1842 570 1872 eaeitus
600 1842 790 1883 inponere-

95 1888 157 1917 lm·
182 1911 190 1919 .
215 1887 236 1926 .]
262 1895 290 1919 s.
316 1887 371 1928 37,
388 1887 440 1926 19,
464 1888 498 1923 1;
527 1888 581 1928 43,
607 1888 658 1928 17,
682 1888 718 1925 6;
744 1887 790 1919 ist

85 1931 163 1964 wie
193 1931 302 1972 finem
327 1933 511 1974 imponere
541 1943 574 1965 u.
600 1942 629 1965 a.
656 1936 789 1975 gesagt.

142 1978 174 2010 2.
200 1977 355 2018 audisse]
380 1977 482 2010 nfiml.
510 1988 702 2012 rumorem.

142 2025 174 2057 3.
200 2025 242 2055 ut
283 2050 290 2057 .
317 2048 326 2056 .
356 2023 577 2067 Aegyptum]
617 2034 788 2067 unausge-

94 2068 304 2111 sprochener
328 2067 491 2102 Gedanke
515 2069 576 2102 des
598 2069 787 2103 Cornelius.

92 2134 137 2138 —
159 2116 375 2157 priusquam
399 2117 645 2157 praeveniret]
680 2126 706 2148 s.
733 2117 788 2157 21,

94 2161 149 2199 20,
164 2161 195 2195 8.
208 2179 253 2185 —
266 2162 306 2192 in
323 2171 417 2193 nova
428 2164 652 2203 possessione
668 2163 786 2203 regni]

93 2205 151 2239 bei
175 2205 402 2249 Gelegenbeit
431 2207 490 2240 der
520 2217 631 2240 neuen
656 2206 788 2240 Besitz-

94 2251 292 2294 ergreifung
316 2254 508 2294 (possessio
533 2263 603 2286 von
623 2253 787 2295 posside)

94 2296 154 2330 des
179 2296 339 2340 Reiches,
370 2297 402 2330 d.
428 2298 460 2331 h.
485 2298 543 2331 bei
569 2298 628 2332 der
654 2297 786 2332 Thron-

92 2342 300 2386 hesteigung
325 2343 420 2377 eines
439 2353 550 2377 neuen
567 2343 711 2387 Konigs‚
736 2345 786 2377 in-

94 2387 172 2421 dem
196 2399 311 2421 novus
335 2389 397 2422 auf
413 2391 592 2432 possessio
619 2393 702 2423 statt
728 2390 788 2423 auf

94 2433 161 2467 den
179 2432 535 2478 Besitzergreifenden
555 2436 709 2479 bezogen
728 2437 784 2471 ist.

92 2498 138 2503 -—
163 2481 196 2511 si
228 2482 302 2512 tum
333 2483 551 2523 occupasset]
585 2482 688 2515 naml.
717 2483 785 2514 Ae-

91 2528 265 2568 gyptum;
311 2526 480 2570 vorzeitig
517 2527 665 2569 gedacht
703 2531 785 2561 statt

866 1340 1076 1380 occupare&
1115 1337 1203 1370 nach
1242 1339 1295 1370 24.
1323 1338 1377 1377 35,
1408 1339 1427 1371 5
1464 1336 1556 1370 kann

864 1386 1071 1426 occupasset
1105 1383 1180 1416 hier
1217 1382 1305 1416 auch
1337 1382 1387 1415 als
1418 1382 1556 1416 absolut

863 1429 1053 1471 gebraucht
1079 1429 1136 1472 (=
1161 1424 1473 1470 ‘zuvorkommen')
1498 1438 1557 1461 an-

864 1475 1015 1518 gesehen
1042 1472 1191 1508 werden.

910 1523 941 1554 5.
969 1522 1096 1563 legatis
1123 1523 1165 1561 ..]
1192 1531 1217 1554 s.
1238 1521 1361 1562 34‚25‚
1381 1521 1412 1553 2.
1438 1539 1483 1543 —
1509 1520 1558 1552 acl

861 1566 968 1606 fidem
992 1566 1200 1606 faciendam
1226 1593 1233 1599 .
1250 1568 1271 1607 .]
1299 1576 1325 1599 s.
1351 1567 1406 1605 31,
1433 1567 1472 1604 9;
1500 1566 1555 1599 die

862 1612 1129 1646 Gesandtschaft
1154 1612 1256 1645 sollte
1282 1612 1377 1644 wohl
1402 1622 1466 1645 nur
1489 1611 1554 1645 den

862 1657 1037 1691 Verdacht
1063 1657 1266 1699 abwenden,
1304 1658 1378 1691 dass
1404 1657 1463 1690 der
1489 1657 1556 1691 Ko-

862 1704 921 1747 nig
954 1704 1060 1737 damit
1102 1704 1261 1746 umgehe,
1296 1708 1405 1736 etwas
1441 1703 1554 1736 Neues

862 1760 904 1782 zu
930 1750 1114 1792 beginnen,
1141 1750 1172 1782 d.
1190 1750 1222 1782 h.
1242 1750 1308 1782 den
1335 1749 1555 1783 Besitzstand

861 1796 895 1827 in
929 1795 1092 1839 Agypten
1126 1795 1195 1828 und
1229 1806 1268 1828 so
1307 1795 1367 1828 das
1401 1794 1554 1828 Biindnis

861 1841 923 1874 mit
948 1840 1035 1874 Rom
1061 1843 1101 1881 (S.
1129 1843 1183 1883 32,
1211 1843 1240 1882 S,
1270 1842 1323 1878 16)
1358 1851 1399 1873 zu
1426 1844 1553 1874 storeu.

862 1906 905 1911 —
923 1888 1150 1929 Patarisque]
1169 1887 1281 1919 neben
1300 1887 1360 1920 der
1376 1886 1555 1929 Mfindung

861 1932 921 1966 des
947 1932 1104 1965 Xanthus
1131 1943 1173 1965 an
1200 1932 1259 1966 der
1286 1932 1554 1966 Stidwestkiiste

860 1978 1017 2022 Lyciens.
1033 1998 1076 2002 —
1091 1979 1233 2022 quidem
1250 2004 1257 2011 .
1271 2004 1279 2011 .
1294 1979 1408 2011 m‘lzz'lo
1423 1980 1552 2019 minus]

860 2025 1089 2067 entsprechen
1116 2024 1210 2063 sich,
1247 2025 1314 2057 wie
1347 2024 1397 2057 oft
1431 2035 1554 2067 quam-

859 2081 966 2113 quam
991 2073 1082 2111 (etsi)
1110 2097 1140 2104 ..
1166 2070 1283 2103 nihilo
1308 2072 1443 2109 minus;
1477 2072 1554 2114 qui—

859 2116 936 2148 dem
962 2141 996 2149 ..
1024 2120 1181 2149 ceterum
1208 2127 1242 2151 u.
1269 2127 1298 2149 a.

906 2163 937 2195 6.
972 2162 1161 2205 Cyprum*]
1201 2163 1245 2195 ist
1283 2161 1553 2195 nachdrucklich

858 2208 1124 2250 vorangestellt;
1160 2208 1215 2241 die
1245 2208 1335 2241 Insel
1367 2218 1439 2240 war
1464 2208 1552 2240 nach

858 2252 937 2286 dem
962 2253 1057 2286 Falle
1084 2253 1144 2287 des
1172 2254 1365 2296 Antigonus
1390 2264 1460 2286 von
1486 2253 1552 2286 den

856 2298 1076 2332 Ptolemaern
1095 2300 1230 2332 besetzt
1249 2298 1407 2336 worden;
1435 2309 1461 2332 s.
1475 2297 1550 2332 Pol.

858 2347 888 2385 5,
903 2346 962 2383 34;
982 2344 1106 2378 Strabo
1128 2347 1179 2385 14,
1194 2346 1226 2384 6,
1242 2347 1273 2385 6,
1301 2343 1334 2377 S.
1351 2346 1434 2381 684;
1460 2343 1550 2378 Plut.

856 2389 1005 2424 Demetr.
1023 2393 1075 2424 15.
1098 2410 1142 2415 -
1161 2389 1319 2433 petens]*
1333 2409 1377 2413 —-
1393 2390 1553 2423 Chelido-

856 2438 1003 2468 niarum
1015 2437 1326 2478 promunturium]
1347 2445 1373 2469 s.
1389 2437 1443 2476 20,
1462 2438 1491 2469 2.
1506 2455 1552 2460 —-

857 2483 956 2515 eirea
974 2482 1293 2525 Eurymedontem]
1318 2482 1353 2514 in
1379 2481 1438 2515 der
1455 2482 1551 2516 Nahe

858 2527 916 2560 der
941 2527 1134 2570 Mandung3
1162 2537 1189 2560 s.
1217 2529 1270 2569 37,
1299 2529 1352 2563 23,
1379 2530 1412 2562 3.
