<?xml version="1.0" encoding="UTF-8"?>
<!DOCTYPE html PUBLIC "-//W3C//DTD XHTML 1.0 Transitional//EN"
    "http://www.w3.org/TR/xhtml1/DTD/xhtml1-transitional.dtd">
<html xmlns="http://www.w3.org/1999/xhtml" xml:lang="en" lang="en">
 <head>
  <title>
</title>
<meta http-equiv="Content-Type" content="text/html;charset=utf-8" />
  <meta name='ocr-system' content='tesseract 3.04.00' />
  <meta name='ocr-capabilities' content='ocr_page ocr_carea ocr_par ocr_line ocrx_word'/>
</head>
<body>
  <div class='ocr_page' id='page_1' title='image "./aburbeconditalib07livyuoft_0044.png"; bbox 0 0 1747 2780; ppageno 0'>
   <div class='ocr_carea' id='block_1_1' title="bbox 166 96 1190 140">
    <p class='ocr_par' dir='ltr' id='par_1_1' title="bbox 166 96 1190 140">
     <span class='ocr_line' id='line_1_1' title="bbox 166 96 1190 140; baseline -0.004 -5"><span class='ocrx_word' id='word_1_1' title='bbox 166 96 235 140; x_wconf 60' lang='grc'>36,</span> <span class='ocrx_word' id='word_1_2' title='bbox 622 96 748 130; x_wconf 82' lang='lat' dir='ltr'>LIBER</span> <span class='ocrx_word' id='word_1_3' title='bbox 770 97 887 132; x_wconf 87' lang='lat' dir='ltr'>XXXI.</span> <span class='ocrx_word' id='word_1_4' title='bbox 935 96 1030 134; x_wconf 86' lang='lat' dir='ltr'>CAP.</span> <span class='ocrx_word' id='word_1_5' title='bbox 1058 99 1110 132; x_wconf 78' lang='lat'>18.</span> <span class='ocrx_word' id='word_1_6' title='bbox 1140 100 1190 132; x_wconf 87' lang='lat'>19.</span> 
     </span>
    </p>
   </div>
   <div class='ocr_carea' id='block_1_2' title="bbox 1405 110 1601 136">
    <p class='ocr_par' dir='ltr' id='par_1_2' title="bbox 1405 110 1601 136">
     <span class='ocr_line' id='line_1_2' title="bbox 1405 110 1601 136; baseline 0.005 -1"><span class='ocrx_word' id='word_1_7' title='bbox 1405 117 1431 135; x_wconf 83' lang='lat' dir='ltr'>a.</span> <span class='ocrx_word' id='word_1_8' title='bbox 1449 117 1478 135; x_wconf 86' lang='grc'>3.</span> <span class='ocrx_word' id='word_1_9' title='bbox 1499 116 1523 136; x_wconf 83' lang='lat' dir='ltr'>c.</span> <span class='ocrx_word' id='word_1_10' title='bbox 1540 110 1601 136; x_wconf 86' lang='lat'>554.</span> 
     </span>
    </p>
   </div>
   <div class='ocr_carea' id='block_1_3' title="bbox 118 212 1638 1057">
    <p class='ocr_par' dir='ltr' id='par_1_3' title="bbox 118 212 1638 720">
     <span class='ocr_line' id='line_1_3' title="bbox 168 212 1602 265; baseline 0.001 -12"><span class='ocrx_word' id='word_1_11' title='bbox 168 225 214 253; x_wconf 88' lang='lat' dir='ltr'>eo</span> <span class='ocrx_word' id='word_1_12' title='bbox 236 214 370 253; x_wconf 83' lang='lat' dir='ltr'>surore</span> <span class='ocrx_word' id='word_1_13' title='bbox 391 226 459 252; x_wconf 76' lang='lat' dir='ltr'>rex</span> <span class='ocrx_word' id='word_1_14' title='bbox 488 213 706 264; x_wconf 80' lang='lat' dir='ltr'>suppressit</span> <span class='ocrx_word' id='word_1_15' title='bbox 726 213 914 265; x_wconf 88' lang='lat' dir='ltr'>impetum</span> <span class='ocrx_word' id='word_1_16' title='bbox 936 212 1102 252; x_wconf 87' lang='lat' dir='ltr'>militum</span> <span class='ocrx_word' id='word_1_17' title='bbox 1125 218 1164 251; x_wconf 82' lang='lat' dir='ltr'>et</span> <span class='ocrx_word' id='word_1_18' title='bbox 1191 213 1363 252; x_wconf 87' lang='lat' dir='ltr'>triduum</span> <span class='ocrx_word' id='word_1_19' title='bbox 1385 226 1427 253; x_wconf 89' lang='lat' dir='ltr'>se</span> <span class='ocrx_word' id='word_1_20' title='bbox 1448 214 1495 253; x_wconf 87' lang='lat' dir='ltr'>ad</span> <span class='ocrx_word' id='word_1_21' title='bbox 1516 227 1602 254; x_wconf 91' lang='lat' dir='ltr'>mo-</span> 
     </span>
     <span class='ocr_line' id='line_1_4' title="bbox 118 269 1602 322; baseline 0 -12"><span class='ocrx_word' id='word_1_22' title='bbox 118 278 136 310; x_wconf 81' lang='grc'>8</span> <span class='ocrx_word' id='word_1_23' title='bbox 167 271 348 310; x_wconf 86' lang='lat' dir='ltr'>riendum</span> <span class='ocrx_word' id='word_1_24' title='bbox 378 270 576 322; x_wconf 72' lang='lat' dir='ltr'>Abydenis</span> <span class='ocrx_word' id='word_1_25' title='bbox 606 270 698 309; x_wconf 84' lang='lat' dir='ltr'>dare</span> <span class='ocrx_word' id='word_1_26' title='bbox 727 270 834 309; x_wconf 82' lang='lat' dir='ltr'><strong>dixit.</strong></span> <span class='ocrx_word' id='word_1_27' title='bbox 882 282 960 320; x_wconf 92' lang='lat' dir='ltr'>quo</span> <span class='ocrx_word' id='word_1_28' title='bbox 990 270 1113 321; x_wconf 86' lang='lat' dir='ltr'>spatio</span> <span class='ocrx_word' id='word_1_29' title='bbox 1145 269 1257 320; x_wconf 90' lang='lat' dir='ltr'>plura</span> <span class='ocrx_word' id='word_1_30' title='bbox 1285 270 1460 310; x_wconf 88' lang='lat' dir='ltr'>facinora</span> <span class='ocrx_word' id='word_1_31' title='bbox 1489 271 1530 310; x_wconf 92' lang='lat' dir='ltr'>in</span> <span class='ocrx_word' id='word_1_32' title='bbox 1561 284 1602 310; x_wconf 90' lang='lat' dir='ltr'>se</span> 
     </span>
     <span class='ocr_line' id='line_1_5' title="bbox 167 326 1603 379; baseline 0.001 -14"><span class='ocrx_word' id='word_1_33' title='bbox 167 327 257 367; x_wconf 84' lang='lat' dir='ltr'>victi</span> <span class='ocrx_word' id='word_1_34' title='bbox 276 327 502 374; x_wconf 86' lang='lat' dir='ltr'>ediderunt,</span> <span class='ocrx_word' id='word_1_35' title='bbox 535 339 652 378; x_wconf 87' lang='lat' dir='ltr'>quam</span> <span class='ocrx_word' id='word_1_36' title='bbox 674 326 806 366; x_wconf 86' lang='lat' dir='ltr'>infesti</span> <span class='ocrx_word' id='word_1_37' title='bbox 827 326 1040 366; x_wconf 83' lang='lat' dir='ltr'>edidissent</span> <span class='ocrx_word' id='word_1_38' title='bbox 1058 326 1249 375; x_wconf 76' lang='lat' dir='ltr'>victores,</span> <span class='ocrx_word' id='word_1_39' title='bbox 1273 339 1365 375; x_wconf 90' lang='lat' dir='ltr'>nec,</span> <span class='ocrx_word' id='word_1_40' title='bbox 1388 327 1464 367; x_wconf 89' lang='lat' dir='ltr'>nisi</span> <span class='ocrx_word' id='word_1_41' title='bbox 1484 340 1603 379; x_wconf 88' lang='lat' dir='ltr'>quem</span> 
     </span>
     <span class='ocr_line' id='line_1_6' title="bbox 167 383 1603 436; baseline 0.001 -14"><span class='ocrx_word' id='word_1_42' title='bbox 167 384 320 423; x_wconf 89' lang='lat' dir='ltr'>vincula</span> <span class='ocrx_word' id='word_1_43' title='bbox 343 390 409 422; x_wconf 83' lang='lat' dir='ltr'>aut</span> <span class='ocrx_word' id='word_1_44' title='bbox 429 383 500 422; x_wconf 91' lang='lat' dir='ltr'>alia</span> <span class='ocrx_word' id='word_1_45' title='bbox 525 383 735 423; x_wconf 82' lang='lat' dir='ltr'>necessitas</span> <span class='ocrx_word' id='word_1_46' title='bbox 756 384 856 423; x_wconf 88' lang='lat' dir='ltr'>mori</span> <span class='ocrx_word' id='word_1_47' title='bbox 878 383 1092 435; x_wconf 87' lang='lat' dir='ltr'>prohibuit,</span> <span class='ocrx_word' id='word_1_48' title='bbox 1116 383 1321 434; x_wconf 89' lang='lat' dir='ltr'>quisquam</span> <span class='ocrx_word' id='word_1_49' title='bbox 1341 384 1449 424; x_wconf 90' lang='lat' dir='ltr'>vivus</span> <span class='ocrx_word' id='word_1_50' title='bbox 1469 385 1509 423; x_wconf 92' lang='lat' dir='ltr'>in</span> <span class='ocrx_word' id='word_1_51' title='bbox 1531 397 1603 436; x_wconf 89' lang='lat' dir='ltr'>po-</span> 
     </span>
     <span class='ocr_line' id='line_1_7' title="bbox 167 440 1604 492; baseline 0 -12"><span class='ocrx_word' id='word_1_52' title='bbox 167 447 344 480; x_wconf 87' lang='lat' dir='ltr'>testatem</span> <span class='ocrx_word' id='word_1_53' title='bbox 375 441 492 480; x_wconf 73' lang='lat' dir='ltr'>venit.</span> <span class='ocrx_word' id='word_1_54' title='bbox 539 440 745 492; x_wconf 87' lang='lat' dir='ltr'>Philippus</span> <span class='ocrx_word' id='word_1_55' title='bbox 775 440 958 491; x_wconf 87' lang='lat' dir='ltr'>imposito</span> <span class='ocrx_word' id='word_1_56' title='bbox 988 440 1112 492; x_wconf 75' lang='lat' dir='ltr'>Abydi</span> <span class='ocrx_word' id='word_1_57' title='bbox 1141 441 1336 491; x_wconf 86' lang='lat' dir='ltr'>praesidio</span> <span class='ocrx_word' id='word_1_58' title='bbox 1366 441 1405 480; x_wconf 93' lang='lat' dir='ltr'>in</span> <span class='ocrx_word' id='word_1_59' title='bbox 1435 453 1604 492; x_wconf 83' lang='lat' dir='ltr'>regnum</span> 
     </span>
     <span class='ocr_line' id='line_1_8' title="bbox 119 497 1604 550; baseline 0.001 -14"><span class='ocrx_word' id='word_1_60' title='bbox 119 506 138 537; x_wconf 79' lang='grc'>9</span> <span class='ocrx_word' id='word_1_61' title='bbox 168 498 292 536; x_wconf 87' lang='lat' dir='ltr'>rediit.</span> <span class='ocrx_word' id='word_1_62' title='bbox 335 509 424 536; x_wconf 88' lang='lat' dir='ltr'>cum</span> <span class='ocrx_word' id='word_1_63' title='bbox 445 497 550 537; x_wconf 86' lang='lat' dir='ltr'>velut</span> <span class='ocrx_word' id='word_1_64' title='bbox 571 498 736 549; x_wconf 83' lang='lat' dir='ltr'>Sagunti</span> <span class='ocrx_word' id='word_1_65' title='bbox 758 497 952 536; x_wconf 84' lang='lat' dir='ltr'>excidium</span> <span class='ocrx_word' id='word_1_66' title='bbox 974 497 1194 544; x_wconf 80' lang='lat' dir='ltr'>Hannibali,</span> <span class='ocrx_word' id='word_1_67' title='bbox 1217 497 1273 536; x_wconf 90' lang='lat' dir='ltr'>sic</span> <span class='ocrx_word' id='word_1_68' title='bbox 1295 497 1477 549; x_wconf 91' lang='lat' dir='ltr'>Philippo</span> <span class='ocrx_word' id='word_1_69' title='bbox 1499 498 1604 550; x_wconf 72' lang='lat' dir='ltr'><strong>Aby-</strong></span> 
     </span>
     <span class='ocr_line' id='line_1_9' title="bbox 168 553 1638 607; baseline 0 -14"><span class='ocrx_word' id='word_1_70' title='bbox 168 555 362 607; x_wconf 77' lang='lat' dir='ltr'>denorum</span> <span class='ocrx_word' id='word_1_71' title='bbox 383 554 513 594; x_wconf 82' lang='lat' dir='ltr'>clades</span> <span class='ocrx_word' id='word_1_72' title='bbox 534 554 580 593; x_wconf 89' lang='lat' dir='ltr'>ad</span> <span class='ocrx_word' id='word_1_73' title='bbox 603 554 823 593; x_wconf 86' lang='lat' dir='ltr'>Romanum</span> <span class='ocrx_word' id='word_1_74' title='bbox 846 553 993 593; x_wconf 89' lang='lat' dir='ltr'>bellum</span> <span class='ocrx_word' id='word_1_75' title='bbox 1015 554 1169 593; x_wconf 84' lang='lat' dir='ltr'>animos</span> <span class='ocrx_word' id='word_1_76' title='bbox 1190 554 1365 602; x_wconf 75' lang='lat' dir='ltr'>fecisset,</span> <span class='ocrx_word' id='word_1_77' title='bbox 1389 555 1517 594; x_wconf 86' lang='lat' dir='ltr'>nuntii</span> <span class='ocrx_word' id='word_1_78' title='bbox 1538 567 1605 594; x_wconf 91' lang='lat' dir='ltr'>oc·</span> <span class='ocrx_word' id='word_1_79' title='bbox 1636 599 1638 601; x_wconf 32' lang='grc'>,</span> 
     </span>
     <span class='ocr_line' id='line_1_10' title="bbox 169 610 1606 662; baseline 0 -12"><span class='ocrx_word' id='word_1_80' title='bbox 169 612 381 650; x_wconf 72' lang='lat' dir='ltr'>currerunt</span> <span class='ocrx_word' id='word_1_81' title='bbox 410 611 615 650; x_wconf 88' lang='lat' dir='ltr'>consulem</span> <span class='ocrx_word' id='word_1_82' title='bbox 646 611 720 650; x_wconf 85' lang='lat' dir='ltr'>iam</span> <span class='ocrx_word' id='word_1_83' title='bbox 750 611 789 649; x_wconf 89' lang='lat' dir='ltr'>in</span> <span class='ocrx_word' id='word_1_84' title='bbox 814 610 934 662; x_wconf 88' lang='lat' dir='ltr'>Epiro</span> <span class='ocrx_word' id='word_1_85' title='bbox 964 623 1049 650; x_wconf 90' lang='lat' dir='ltr'>esse</span> <span class='ocrx_word' id='word_1_86' title='bbox 1071 617 1109 649; x_wconf 90' lang='lat' dir='ltr'>et</span> <span class='ocrx_word' id='word_1_87' title='bbox 1130 611 1379 662; x_wconf 78' lang='lat' dir='ltr'>Apolloniam</span> <span class='ocrx_word' id='word_1_88' title='bbox 1410 612 1606 651; x_wconf 80' lang='lat' dir='ltr'>terrestris</span> 
     </span>
     <span class='ocr_line' id='line_1_11' title="bbox 170 667 1202 720; baseline -0.001 -13"><span class='ocrx_word' id='word_1_89' title='bbox 170 668 314 720; x_wconf 88' lang='lat' dir='ltr'>copias,</span> <span class='ocrx_word' id='word_1_90' title='bbox 337 668 481 707; x_wconf 85' lang='lat' dir='ltr'>navalis</span> <span class='ocrx_word' id='word_1_91' title='bbox 502 668 712 719; x_wconf 76' lang='lat' dir='ltr'>Corcyram</span> <span class='ocrx_word' id='word_1_92' title='bbox 734 668 773 707; x_wconf 89' lang='lat' dir='ltr'>in</span> <span class='ocrx_word' id='word_1_93' title='bbox 798 668 962 706; x_wconf 85' lang='lat' dir='ltr'>hiberna</span> <span class='ocrx_word' id='word_1_94' title='bbox 984 667 1202 706; x_wconf 81' lang='lat' dir='ltr'>deduxisse.</span> 
     </span>
    </p>

    <p class='ocr_par' dir='ltr' id='par_1_4' title="bbox 120 724 1609 1057">
     <span class='ocr_line' id='line_1_12' title="bbox 284 724 1606 776; baseline 0.001 -13"><span class='ocrx_word' id='word_1_95' title='bbox 284 725 394 764; x_wconf 83' lang='lat' dir='ltr'>Inter</span> <span class='ocrx_word' id='word_1_96' title='bbox 409 726 505 764; x_wconf 87' lang='lat' dir='ltr'>haec</span> <span class='ocrx_word' id='word_1_97' title='bbox 526 725 675 775; x_wconf 81' lang='lat' dir='ltr'>legatis,</span> <span class='ocrx_word' id='word_1_98' title='bbox 698 725 763 776; x_wconf 88' lang='lat' dir='ltr'>qui</span> <span class='ocrx_word' id='word_1_99' title='bbox 786 725 825 763; x_wconf 88' lang='lat' dir='ltr'>in</span> <span class='ocrx_word' id='word_1_100' title='bbox 842 724 1012 763; x_wconf 81' lang='lat' dir='ltr'>Africam</span> <span class='ocrx_word' id='word_1_101' title='bbox 1036 724 1144 763; x_wconf 90' lang='lat' dir='ltr'>missi</span> <span class='ocrx_word' id='word_1_102' title='bbox 1162 731 1286 772; x_wconf 87' lang='lat' dir='ltr'>erant,</span> <span class='ocrx_word' id='word_1_103' title='bbox 1308 725 1355 764; x_wconf 88' lang='lat' dir='ltr'>de</span> <span class='ocrx_word' id='word_1_104' title='bbox 1372 725 1606 772; x_wconf 81' lang='lat' dir='ltr'>Hamilcare,</span> 
     </span>
     <span class='ocr_line' id='line_1_13' title="bbox 171 780 1608 833; baseline -0.001 -13"><span class='ocrx_word' id='word_1_105' title='bbox 171 781 303 820; x_wconf 83' lang='lat' dir='ltr'>Gallici</span> <span class='ocrx_word' id='word_1_106' title='bbox 336 782 530 821; x_wconf 79' lang='lat' dir='ltr'>exercitus</span> <span class='ocrx_word' id='word_1_107' title='bbox 559 782 680 829; x_wconf 91' lang='lat' dir='ltr'>duce,</span> <span class='ocrx_word' id='word_1_108' title='bbox 713 793 949 833; x_wconf 86' lang='lat' dir='ltr'>responsum</span> <span class='ocrx_word' id='word_1_109' title='bbox 972 793 993 819; x_wconf 92' lang='lat' dir='ltr'>a</span> <span class='ocrx_word' id='word_1_110' title='bbox 1016 780 1404 833; x_wconf 84' lang='lat' dir='ltr'>Carthaginiensibus</span> <span class='ocrx_word' id='word_1_111' title='bbox 1431 788 1490 821; x_wconf 89' lang='lat' dir='ltr'>est</span> <span class='ocrx_word' id='word_1_112' title='bbox 1510 781 1608 820; x_wconf 91' lang='lat' dir='ltr'>nihil</span> 
     </span>
     <span class='ocr_line' id='line_1_14' title="bbox 170 838 1608 890; baseline 0 -13"><span class='ocrx_word' id='word_1_113' title='bbox 170 839 270 877; x_wconf 86' lang='lat' dir='ltr'>ultra</span> <span class='ocrx_word' id='word_1_114' title='bbox 292 851 334 878; x_wconf 88' lang='lat' dir='ltr'>se</span> <span class='ocrx_word' id='word_1_115' title='bbox 356 839 483 878; x_wconf 87' lang='lat' dir='ltr'>facere</span> <span class='ocrx_word' id='word_1_116' title='bbox 506 852 641 890; x_wconf 86' lang='lat' dir='ltr'>posse,</span> <span class='ocrx_word' id='word_1_117' title='bbox 677 851 792 890; x_wconf 87' lang='lat' dir='ltr'>quam</span> <span class='ocrx_word' id='word_1_118' title='bbox 815 845 857 877; x_wconf 92' lang='lat' dir='ltr'>ut</span> <span class='ocrx_word' id='word_1_119' title='bbox 879 838 993 877; x_wconf 82' lang='lat' dir='ltr'>exilio</span> <span class='ocrx_word' id='word_1_120' title='bbox 1017 850 1106 877; x_wconf 89' lang='lat' dir='ltr'>eum</span> <span class='ocrx_word' id='word_1_121' title='bbox 1128 838 1365 887; x_wconf 88' lang='lat' dir='ltr'>multarent,</span> <span class='ocrx_word' id='word_1_122' title='bbox 1396 838 1502 878; x_wconf 87' lang='lat' dir='ltr'>hona</span> <span class='ocrx_word' id='word_1_123' title='bbox 1524 838 1608 877; x_wconf 91' lang='lat' dir='ltr'>eius</span> 
     </span>
     <span class='ocr_line' id='line_1_15' title="bbox 120 895 1608 947; baseline 0 -13"><span class='ocrx_word' id='word_1_124' title='bbox 120 902 138 934; x_wconf 87' lang='lat'>2</span> <span class='ocrx_word' id='word_1_125' title='bbox 167 895 438 947; x_wconf 84' lang='lat' dir='ltr'>publicarent;</span> <span class='ocrx_word' id='word_1_126' title='bbox 461 896 645 947; x_wconf 76' lang='lat' dir='ltr'>perfugas</span> <span class='ocrx_word' id='word_1_127' title='bbox 667 902 704 935; x_wconf 85' lang='lat' dir='ltr'>et</span> <span class='ocrx_word' id='word_1_128' title='bbox 726 896 920 946; x_wconf 80' lang='lat' dir='ltr'>fugitivos,</span> <span class='ocrx_word' id='word_1_129' title='bbox 943 907 1042 945; x_wconf 86' lang='lat' dir='ltr'>quos</span> <span class='ocrx_word' id='word_1_130' title='bbox 1063 895 1303 946; x_wconf 89' lang='lat' dir='ltr'>inquirendo</span> <span class='ocrx_word' id='word_1_131' title='bbox 1323 896 1514 947; x_wconf 84' lang='lat' dir='ltr'>vestigare</span> <span class='ocrx_word' id='word_1_132' title='bbox 1534 907 1608 947; x_wconf 93' lang='lat' dir='ltr'>po-</span> 
     </span>
     <span class='ocr_line' id='line_1_16' title="bbox 169 951 1609 1004; baseline 0 -14"><span class='ocrx_word' id='word_1_133' title='bbox 169 953 341 999; x_wconf 77' lang='lat' dir='ltr'>tuerint,</span> <span class='ocrx_word' id='word_1_134' title='bbox 371 953 584 992; x_wconf 80' lang='lat' dir='ltr'>reddidisse</span> <span class='ocrx_word' id='word_1_135' title='bbox 607 959 645 992; x_wconf 91' lang='lat' dir='ltr'>et</span> <span class='ocrx_word' id='word_1_136' title='bbox 666 953 712 992; x_wconf 87' lang='lat' dir='ltr'>de</span> <span class='ocrx_word' id='word_1_137' title='bbox 736 965 779 991; x_wconf 91' lang='lat' dir='ltr'>ea</span> <span class='ocrx_word' id='word_1_138' title='bbox 801 965 844 991; x_wconf 92' lang='lat' dir='ltr'>re</span> <span class='ocrx_word' id='word_1_139' title='bbox 865 952 1053 991; x_wconf 87' lang='lat' dir='ltr'>missuros</span> <span class='ocrx_word' id='word_1_140' title='bbox 1074 952 1221 1003; x_wconf 85' lang='lat' dir='ltr'>legatos</span> <span class='ocrx_word' id='word_1_141' title='bbox 1242 951 1426 999; x_wconf 82' lang='lat' dir='ltr'>Romam,</span> <span class='ocrx_word' id='word_1_142' title='bbox 1460 953 1527 1004; x_wconf 91' lang='lat' dir='ltr'>qui</span> <span class='ocrx_word' id='word_1_143' title='bbox 1547 964 1609 992; x_wconf 88' lang='grc'>36-</span> 
     </span>
     <span class='ocr_line' id='line_1_17' title="bbox 170 1008 1608 1057; baseline 0.001 -10"><span class='ocrx_word' id='word_1_144' title='bbox 170 1009 280 1048; x_wconf 83' lang='grc'>33131</span> <span class='ocrx_word' id='word_1_145' title='bbox 311 1010 593 1048; x_wconf 79' lang='lat' dir='ltr'>satisfacerent.</span> <span class='ocrx_word' id='word_1_146' title='bbox 642 1010 811 1048; x_wconf 86' lang='lat' dir='ltr'>ducenta</span> <span class='ocrx_word' id='word_1_147' title='bbox 841 1009 944 1048; x_wconf 88' lang='lat' dir='ltr'>milia</span> <span class='ocrx_word' id='word_1_148' title='bbox 981 1008 1156 1047; x_wconf 87' lang='lat' dir='ltr'>modium</span> <span class='ocrx_word' id='word_1_149' title='bbox 1178 1009 1299 1048; x_wconf 86' lang='lat' dir='ltr'>tritici</span> <span class='ocrx_word' id='word_1_150' title='bbox 1319 1009 1506 1057; x_wconf 90' lang='lat' dir='ltr'>Romam,</span> <span class='ocrx_word' id='word_1_151' title='bbox 1537 1008 1608 1048; x_wconf 91' lang='lat' dir='ltr'>du-</span> 
     </span>
    </p>
   </div>
   <div class='ocr_carea' id='block_1_4' title="bbox 120 1065 1609 1106">
    <p class='ocr_par' dir='ltr' id='par_1_5' title="bbox 120 1065 1609 1106">
     <span class='ocr_line' id='line_1_18' title="bbox 120 1065 1609 1106; baseline 0.001 -2"><span class='ocrx_word' id='word_1_152' title='bbox 120 1073 139 1105; x_wconf 89' lang='lat'>3</span> <span class='ocrx_word' id='word_1_153' title='bbox 167 1072 281 1105; x_wconf 88' lang='lat' dir='ltr'>centa</span> <span class='ocrx_word' id='word_1_154' title='bbox 301 1066 348 1104; x_wconf 91' lang='lat' dir='ltr'>ad</span> <span class='ocrx_word' id='word_1_155' title='bbox 370 1066 584 1105; x_wconf 78' lang='lat' dir='ltr'>exercitum</span> <span class='ocrx_word' id='word_1_156' title='bbox 606 1066 646 1105; x_wconf 89' lang='lat' dir='ltr'>in</span> <span class='ocrx_word' id='word_1_157' title='bbox 668 1066 938 1105; x_wconf 87' lang='lat' dir='ltr'>Macedoniam</span> <span class='ocrx_word' id='word_1_158' title='bbox 968 1065 1172 1104; x_wconf 84' lang='lat' dir='ltr'>miserunt.</span> <span class='ocrx_word' id='word_1_159' title='bbox 1213 1065 1305 1104; x_wconf 89' lang='lat' dir='ltr'>inde</span> <span class='ocrx_word' id='word_1_160' title='bbox 1325 1065 1366 1105; x_wconf 91' lang='lat' dir='ltr'>in</span> <span class='ocrx_word' id='word_1_161' title='bbox 1388 1066 1609 1106; x_wconf 87' lang='lat' dir='ltr'>Numidiam</span> 
     </span>
    </p>
   </div>
   <div class='ocr_carea' id='block_1_5' title="bbox 121 1121 1609 1288">
    <p class='ocr_par' dir='ltr' id='par_1_6' title="bbox 121 1121 1609 1288">
     <span class='ocr_line' id='line_1_19' title="bbox 171 1121 1608 1187; baseline 0.001 -27.001"><span class='ocrx_word' id='word_1_162' title='bbox 171 1123 218 1161; x_wconf 87' lang='lat' dir='ltr'>ad</span> <span class='ocrx_word' id='word_1_163' title='bbox 239 1135 353 1174; x_wconf 83' lang='lat' dir='ltr'>reges</span> <span class='ocrx_word' id='word_1_164' title='bbox 375 1123 542 1174; x_wconf 80' lang='lat' dir='ltr'>plosecti</span> <span class='ocrx_word' id='word_1_165' title='bbox 564 1123 692 1174; x_wconf 83' lang='lat' dir='ltr'>legati.</span> <span class='ocrx_word' id='word_1_166' title='bbox 734 1123 837 1161; x_wconf 88' lang='lat' dir='ltr'>dona</span> <span class='ocrx_word' id='word_1_167' title='bbox 858 1123 945 1161; x_wconf 87' lang='lat' dir='ltr'>data</span> <span class='ocrx_word' id='word_1_168' title='bbox 966 1121 1192 1161; x_wconf 85' lang='lat' dir='ltr'>Masinissae</span> <span class='ocrx_word' id='word_1_169' title='bbox 1213 1122 1474 1187; x_wconf 77' lang='lat' dir='ltr'>mandataque</span> <span class='ocrx_word' id='word_1_170' title='bbox 1494 1123 1608 1163; x_wconf 88' lang='lat' dir='ltr'>edita.</span> 
     </span>
     <span class='ocr_line' id='line_1_20' title="bbox 121 1178 1607 1244; baseline 0 -26"><span class='ocrx_word' id='word_1_171' title='bbox 121 1187 140 1218; x_wconf 85' lang='lat'>4</span> <span class='ocrx_word' id='word_1_172' title='bbox 170 1180 322 1230; x_wconf 88' lang='lat' dir='ltr'>equites</span> <span class='ocrx_word' id='word_1_173' title='bbox 352 1180 455 1218; x_wconf 90' lang='lat' dir='ltr'>mille</span> <span class='ocrx_word' id='word_1_174' title='bbox 476 1179 686 1228; x_wconf 70' lang='lat' dir='ltr'>Numidae,</span> <span class='ocrx_word' id='word_1_175' title='bbox 718 1192 808 1219; x_wconf 88' lang='lat' dir='ltr'>cum</span> <span class='ocrx_word' id='word_1_176' title='bbox 834 1179 911 1218; x_wconf 89' lang='lat' dir='ltr'>duo</span> <span class='ocrx_word' id='word_1_177' title='bbox 940 1178 1046 1218; x_wconf 87' lang='lat' dir='ltr'>milia</span> <span class='ocrx_word' id='word_1_178' title='bbox 1076 1179 1205 1226; x_wconf 81' lang='lat' dir='ltr'>dalet,</span> <span class='ocrx_word' id='word_1_179' title='bbox 1235 1179 1399 1243; x_wconf 87' lang='lat' dir='ltr'>accepti.</span> <span class='ocrx_word' id='word_1_180' title='bbox 1452 1180 1536 1244; x_wconf 78' lang='lat' dir='ltr'>ipse</span> <span class='ocrx_word' id='word_1_181' title='bbox 1567 1180 1607 1218; x_wconf 90' lang='grc'>13</span> 
     </span>
     <span class='ocr_line' id='line_1_21' title="bbox 170 1230 1609 1288; baseline 0.001 -13"><span class='ocrx_word' id='word_1_182' title='bbox 170 1237 278 1276; x_wconf 91' lang='lat' dir='ltr'>navis</span> <span class='ocrx_word' id='word_1_183' title='bbox 300 1237 564 1288; x_wconf 87' lang='lat' dir='ltr'>imponendos</span> <span class='ocrx_word' id='word_1_184' title='bbox 581 1237 729 1276; x_wconf 67' lang='lat' dir='ltr'>culaxit</span> <span class='ocrx_word' id='word_1_185' title='bbox 749 1242 786 1275; x_wconf 90' lang='lat' dir='ltr'>et</span> <span class='ocrx_word' id='word_1_186' title='bbox 803 1249 892 1276; x_wconf 91' lang='lat' dir='ltr'>cum</span> <span class='ocrx_word' id='word_1_187' title='bbox 915 1235 1096 1275; x_wconf 88' lang='lat' dir='ltr'>ducentis</span> <span class='ocrx_word' id='word_1_188' title='bbox 1111 1235 1269 1275; x_wconf 88' lang='lat' dir='ltr'>milibus</span> <span class='ocrx_word' id='word_1_189' title='bbox 1284 1230 1461 1276; x_wconf 80' lang='lat' dir='ltr'>modium</span> <span class='ocrx_word' id='word_1_190' title='bbox 1476 1236 1609 1284; x_wconf 81' lang='lat' dir='ltr'>tritici,</span> 
     </span>
    </p>
   </div>
   <div class='ocr_carea' id='block_1_6' title="bbox 148 1326 859 1905">
    <p class='ocr_par' dir='ltr' id='par_1_7' title="bbox 172 1326 859 1722">
     <span class='ocr_line' id='line_1_22' title="bbox 173 1326 857 1401; baseline 0.003 -10"><span class='ocrx_word' id='word_1_191' title='bbox 173 1370 199 1392; x_wconf 79' lang='lat' dir='ltr'>s.</span> <span class='ocrx_word' id='word_1_192' title='bbox 227 1326 398 1401; x_wconf 84' lang='lat' dir='ltr'>Sulpicius</span> <span class='ocrx_word' id='word_1_193' title='bbox 424 1358 478 1390; x_wconf 81' lang='lat' dir='ltr'>bei</span> <span class='ocrx_word' id='word_1_194' title='bbox 498 1358 563 1391; x_wconf 79' lang='lat' dir='ltr'>Cic.</span> <span class='ocrx_word' id='word_1_195' title='bbox 585 1358 627 1391; x_wconf 88' lang='lat' dir='ltr'>ad</span> <span class='ocrx_word' id='word_1_196' title='bbox 647 1359 723 1392; x_wconf 86' lang='lat' dir='ltr'>sam.</span> <span class='ocrx_word' id='word_1_197' title='bbox 750 1362 781 1399; x_wconf 84' lang='lat'>4,</span> <span class='ocrx_word' id='word_1_198' title='bbox 804 1361 857 1401; x_wconf 89' lang='lat'>12,</span> 
     </span>
     <span class='ocr_line' id='line_1_23' title="bbox 175 1403 855 1444; baseline 0 -6"><span class='ocrx_word' id='word_1_199' title='bbox 175 1407 212 1442; x_wconf 83' lang='lat'>2;</span> <span class='ocrx_word' id='word_1_200' title='bbox 240 1405 334 1437; x_wconf 88' lang='lat' dir='ltr'>Caes.</span> <span class='ocrx_word' id='word_1_201' title='bbox 353 1403 419 1437; x_wconf 91' lang='lat' dir='ltr'>BG.</span> <span class='ocrx_word' id='word_1_202' title='bbox 439 1407 470 1444; x_wconf 87' lang='lat'>5,</span> <span class='ocrx_word' id='word_1_203' title='bbox 489 1405 542 1442; x_wconf 79' lang='grc'>37,</span> <span class='ocrx_word' id='word_1_204' title='bbox 557 1406 595 1441; x_wconf 87' lang='grc'>6;</span> <span class='ocrx_word' id='word_1_205' title='bbox 623 1403 701 1437; x_wconf 85' lang='lat' dir='ltr'>Tac.</span> <span class='ocrx_word' id='word_1_206' title='bbox 721 1404 804 1437; x_wconf 89' lang='lat' dir='ltr'>Hist.</span> <span class='ocrx_word' id='word_1_207' title='bbox 823 1408 855 1443; x_wconf 97' lang='lat'>4,</span> 
     </span>
     <span class='ocr_line' id='line_1_24' title="bbox 179 1448 854 1491; baseline -0.001 -8"><span class='ocrx_word' id='word_1_208' title='bbox 179 1453 235 1487; x_wconf 83' lang='grc'>11;</span> <span class='ocrx_word' id='word_1_209' title='bbox 269 1448 380 1487; x_wconf 78' lang='lat' dir='ltr'>Quint.</span> <span class='ocrx_word' id='word_1_210' title='bbox 407 1452 438 1490; x_wconf 88' lang='lat'>7,</span> <span class='ocrx_word' id='word_1_211' title='bbox 464 1451 495 1490; x_wconf 87' lang='lat'>3,</span> <span class='ocrx_word' id='word_1_212' title='bbox 522 1452 552 1483; x_wconf 85' lang='lat'>7.</span> <span class='ocrx_word' id='word_1_213' title='bbox 583 1469 628 1473; x_wconf 79' lang='lat'><strong>—</strong></span> <span class='ocrx_word' id='word_1_214' title='bbox 658 1453 734 1482; x_wconf 78' lang='lat' dir='ltr'>vias</span> <span class='ocrx_word' id='word_1_215' title='bbox 760 1450 854 1491; x_wconf 55' lang='lat' dir='ltr'>zeter]</span> 
     </span>
     <span class='ocr_line' id='line_1_25' title="bbox 175 1497 852 1537; baseline 0.001 -9"><span class='ocrx_word' id='word_1_216' title='bbox 175 1506 202 1528; x_wconf 87' lang='lat' dir='ltr'>s.</span> <span class='ocrx_word' id='word_1_217' title='bbox 228 1497 281 1535; x_wconf 88' lang='grc'>27,</span> <span class='ocrx_word' id='word_1_218' title='bbox 300 1497 353 1535; x_wconf 87' lang='grc'>49,</span> <span class='ocrx_word' id='word_1_219' title='bbox 372 1497 409 1527; x_wconf 89' lang='grc'>2;</span> <span class='ocrx_word' id='word_1_220' title='bbox 437 1497 494 1526; x_wconf 75' lang='lat' dir='ltr'>via</span> <span class='ocrx_word' id='word_1_221' title='bbox 518 1497 663 1534; x_wconf 76' lang='lat' dir='ltr'>mortis;</span> <span class='ocrx_word' id='word_1_222' title='bbox 691 1497 852 1537; x_wconf 81' lang='grc'>40,13,1</span> 
     </span>
     <span class='ocr_line' id='line_1_26' title="bbox 174 1522 859 1582; baseline 0.001 -9"><span class='ocrx_word' id='word_1_223' title='bbox 174 1551 207 1574; x_wconf 91' lang='grc'>3.</span> <span class='ocrx_word' id='word_1_224' title='bbox 233 1551 262 1574; x_wconf 88' lang='lat' dir='ltr'>a.</span> <span class='ocrx_word' id='word_1_225' title='bbox 272 1554 279 1560; x_wconf 90' lang='lat'><strong>·</strong></span> <span class='ocrx_word' id='word_1_226' title='bbox 312 1540 465 1582; x_wconf 85' lang='lat' dir='ltr'>dagegen</span> <span class='ocrx_word' id='word_1_227' title='bbox 491 1542 545 1581; x_wconf 89' lang='lat'>40,</span> <span class='ocrx_word' id='word_1_228' title='bbox 571 1542 602 1581; x_wconf 93' lang='lat'>4,</span> <span class='ocrx_word' id='word_1_229' title='bbox 631 1522 686 1574; x_wconf 91' lang='lat'>14.</span> <span class='ocrx_word' id='word_1_230' title='bbox 720 1543 778 1572; x_wconf 76' lang='lat' dir='ltr'>viu</span> <span class='ocrx_word' id='word_1_231' title='bbox 811 1542 859 1574; x_wconf 79' lang='lat' dir='ltr'>acl</span> 
     </span>
     <span class='ocr_line' id='line_1_27' title="bbox 172 1565 854 1641; baseline 0.006 -23"><span class='ocrx_word' id='word_1_232' title='bbox 172 1565 774 1641; x_wconf 37' lang='lat' dir='ltr'>mortet1z;⁰vgl.Polstaeewpoh</span> <span class='ocrx_word' id='word_1_233' title='bbox 810 1582 854 1621; x_wconf 82' lang='grc' dir='ltr'>τὸ</span> 
     </span>
     <span class='ocr_line' id='line_1_28' title="bbox 173 1627 858 1686; baseline 0 -20"><span class='ocrx_word' id='word_1_234' title='bbox 173 1633 348 1686; x_wconf 75' lang='grc' dir='ltr'>πλῆθος.</span> <span class='ocrx_word' id='word_1_235' title='bbox 368 1632 476 1666; x_wconf 80' lang='grc' dir='ltr'>τῶν</span> <span class='ocrx_word' id='word_1_236' title='bbox 498 1643 607 1684; x_wconf 71' lang='grc' dir='ltr'>σφας</span> <span class='ocrx_word' id='word_1_237' title='bbox 633 1627 785 1685; x_wconf 60' lang='grc' dir='ltr'>αὐτους</span> <span class='ocrx_word' id='word_1_238' title='bbox 793 1633 858 1667; x_wconf 78' lang='grc' dir='ltr'>καὶ</span> 
     </span>
     <span class='ocr_line' id='line_1_29' title="bbox 174 1660 856 1729; baseline 0.002 -17"><span class='ocrx_word' id='word_1_239' title='bbox 174 1673 220 1712; x_wconf 84' lang='grc' dir='ltr'>τὰ</span> <span class='ocrx_word' id='word_1_240' title='bbox 240 1676 353 1712; x_wconf 81' lang='grc' dir='ltr'>τέκνα</span> <span class='ocrx_word' id='word_1_241' title='bbox 368 1660 443 1711; x_wconf 40' lang='grc' dir='ltr'>’καὶ</span> <span class='ocrx_word' id='word_1_242' title='bbox 468 1689 534 1718; x_wconf 77' lang='grc' dir='ltr'>τας</span> <span class='ocrx_word' id='word_1_243' title='bbox 557 1682 737 1729; x_wconf 64' lang='grc' dir='ltr'>μναῖκας</span> <span class='ocrx_word' id='word_1_244' title='bbox 761 1690 856 1713; x_wconf 82' lang='grc' dir='ltr'>απο-</span> 
     </span>
    </p>

    <p class='ocr_par' dir='ltr' id='par_1_8' title="bbox 171 1718 858 1779">
     <span class='ocr_line' id='line_1_30' title="bbox 171 1718 858 1779; baseline 0.001 -22"><span class='ocrx_word' id='word_1_245' title='bbox 171 1718 442 1779; x_wconf 81' lang='grc' dir='ltr'>σφαττόντων,</span> <span class='ocrx_word' id='word_1_246' title='bbox 466 1719 763 1776; x_wconf 77' lang='grc' dir='ltr'>κατακαόντων,</span> <span class='ocrx_word' id='word_1_247' title='bbox 788 1736 858 1758; x_wconf 79' lang='grc' dir='ltr'>απ-</span> 
     </span>
    </p>

    <p class='ocr_par' dir='ltr' id='par_1_9' title="bbox 172 1763 859 1823">
     <span class='ocr_line' id='line_1_31' title="bbox 172 1763 859 1823; baseline 0.001 -20"><span class='ocrx_word' id='word_1_248' title='bbox 172 1764 384 1813; x_wconf 79' lang='grc' dir='ltr'>αγχόντων,</span> <span class='ocrx_word' id='word_1_249' title='bbox 394 1766 446 1808; x_wconf 77' lang='grc' dir='ltr'>εἰς</span> <span class='ocrx_word' id='word_1_250' title='bbox 460 1763 506 1803; x_wconf 81' lang='grc' dir='ltr'>τὰ</span> <span class='ocrx_word' id='word_1_251' title='bbox 521 1767 669 1823; x_wconf 65' lang='grc' dir='ltr'>φρέατα</span> <span class='ocrx_word' id='word_1_252' title='bbox 684 1765 859 1823; x_wconf 81' lang='grc' dir='ltr'>ῥιπτούν-</span> 
     </span>
    </p>

    <p class='ocr_par' dir='ltr' id='par_1_10' title="bbox 148 1809 859 1905">
     <span class='ocr_line' id='line_1_32' title="bbox 172 1809 859 1869; baseline 0.001 -20"><span class='ocrx_word' id='word_1_253' title='bbox 172 1826 259 1855; x_wconf 82' lang='grc' dir='ltr'>των,</span> <span class='ocrx_word' id='word_1_254' title='bbox 276 1814 664 1869; x_wconf 76' lang='grc' dir='ltr'>κατακρημνιζρντων</span> <span class='ocrx_word' id='word_1_255' title='bbox 682 1809 761 1850; x_wconf 84' lang='grc' dir='ltr'>απὸ</span> <span class='ocrx_word' id='word_1_256' title='bbox 780 1815 859 1850; x_wconf 82' lang='grc' dir='ltr'>τῶν</span> 
     </span>
     <span class='ocr_line' id='line_1_33' title="bbox 148 1856 830 1905; baseline 0.001 -10"><span class='ocrx_word' id='word_1_257' title='bbox 148 1884 152 1888; x_wconf 90' lang='grc'><strong>-</strong></span> <span class='ocrx_word' id='word_1_258' title='bbox 172 1861 295 1905; x_wconf 76' lang='grc' dir='ltr'>τεγῶν</span> <span class='ocrx_word' id='word_1_259' title='bbox 319 1855 508 1905; x_wconf 58' lang='lat' dir='ltr'>t-&#39;Am‘ccp‘sc</span> <span class='ocrx_word' id='word_1_260' title='bbox 530 1860 577 1905; x_wconf 82' lang='grc' dir='ltr'>ἠν</span> <span class='ocrx_word' id='word_1_261' title='bbox 601 1860 830 1902; x_wconf 60' lang='grc' dir='ltr'>(Φίὲιππος).</span> 
     </span>
    </p>
   </div>
   <div class='ocr_carea' id='block_1_7' title="bbox 172 1917 860 2594">
    <p class='ocr_par' dir='ltr' id='par_1_11' title="bbox 172 1917 857 2047">
     <span class='ocr_line' id='line_1_34' title="bbox 218 1917 857 1958; baseline 0.002 -10"><span class='ocrx_word' id='word_1_262' title='bbox 218 1918 248 1949; x_wconf 85' lang='grc'>8.</span> <span class='ocrx_word' id='word_1_263' title='bbox 273 1918 313 1948; x_wconf 69' lang='lat' dir='ltr'>in</span> <span class='ocrx_word' id='word_1_264' title='bbox 339 1919 581 1958; x_wconf 79' lang='lat' dir='ltr'>potestatem.</span> <span class='ocrx_word' id='word_1_265' title='bbox 605 1919 626 1957; x_wconf 89' lang='lat'>.]</span> <span class='ocrx_word' id='word_1_266' title='bbox 660 1917 857 1951; x_wconf 72' lang='grc' dir='ltr'>33311.ἠο-</span> 
     </span>
     <span class='ocr_line' id='line_1_35' title="bbox 172 1963 856 2004; baseline 0.004 -12"><span class='ocrx_word' id='word_1_267' title='bbox 172 1963 290 1993; x_wconf 77' lang='lat' dir='ltr'>stium.</span> <span class='ocrx_word' id='word_1_268' title='bbox 306 1980 349 1984; x_wconf 89' lang='lat'>-—</span> <span class='ocrx_word' id='word_1_269' title='bbox 363 1963 529 2003; x_wconf 74' lang='lat' dir='ltr'>imposito</span> <span class='ocrx_word' id='word_1_270' title='bbox 543 1963 674 2003; x_wconf 65' lang='lat' dir='ltr'><em>Abydz]</em></span> <span class='ocrx_word' id='word_1_271' title='bbox 687 1972 714 1997; x_wconf 88' lang='lat' dir='ltr'>s.</span> <span class='ocrx_word' id='word_1_272' title='bbox 734 1964 787 2003; x_wconf 83' lang='lat'>25,</span> <span class='ocrx_word' id='word_1_273' title='bbox 803 1964 856 2004; x_wconf 90' lang='lat'>20,</span> 
     </span>
     <span class='ocr_line' id='line_1_36' title="bbox 172 2008 492 2047; baseline 0 -8"><span class='ocrx_word' id='word_1_274' title='bbox 172 2008 209 2045; x_wconf 81' lang='lat'>2;</span> <span class='ocrx_word' id='word_1_275' title='bbox 236 2016 278 2038; x_wconf 91' lang='lat' dir='ltr'>zu</span> <span class='ocrx_word' id='word_1_276' title='bbox 302 2008 356 2047; x_wconf 90' lang='lat'>44,</span> <span class='ocrx_word' id='word_1_277' title='bbox 383 2008 413 2047; x_wconf 90' lang='grc'>6,</span> <span class='ocrx_word' id='word_1_278' title='bbox 442 2008 492 2039; x_wconf 90' lang='grc'>10.</span> 
     </span>
    </p>

    <p class='ocr_par' dir='ltr' id='par_1_12' title="bbox 173 2051 860 2594">
     <span class='ocr_line' id='line_1_37' title="bbox 219 2051 857 2094; baseline 0.002 -10"><span class='ocrx_word' id='word_1_279' title='bbox 219 2053 250 2084; x_wconf 90' lang='grc'>9.</span> <span class='ocrx_word' id='word_1_280' title='bbox 276 2051 374 2083; x_wconf 78' lang='lat' dir='ltr'>velut</span> <span class='ocrx_word' id='word_1_281' title='bbox 391 2075 421 2084; x_wconf 88' lang='lat'>..</span> <span class='ocrx_word' id='word_1_282' title='bbox 438 2053 502 2092; x_wconf 78' lang='lat' dir='ltr'>Sic]</span> <span class='ocrx_word' id='word_1_283' title='bbox 536 2061 562 2084; x_wconf 92' lang='lat' dir='ltr'>s.</span> <span class='ocrx_word' id='word_1_284' title='bbox 588 2053 619 2092; x_wconf 89' lang='grc'>4,</span> <span class='ocrx_word' id='word_1_285' title='bbox 645 2053 700 2093; x_wconf 89' lang='grc'>41,</span> <span class='ocrx_word' id='word_1_286' title='bbox 726 2053 762 2090; x_wconf 72' lang='grc' dir='ltr'>ὃς</span> <span class='ocrx_word' id='word_1_287' title='bbox 787 2051 857 2094; x_wconf 86' lang='lat' dir='ltr'>vgl.</span> 
     </span>
     <span class='ocr_line' id='line_1_38' title="bbox 173 2096 856 2139; baseline -0.001 -9"><span class='ocrx_word' id='word_1_288' title='bbox 173 2099 206 2137; x_wconf 86' lang='lat'>4,</span> <span class='ocrx_word' id='word_1_289' title='bbox 231 2098 284 2135; x_wconf 87' lang='lat'>31,</span> <span class='ocrx_word' id='word_1_290' title='bbox 301 2099 330 2129; x_wconf 88' lang='grc'>7.</span> <span class='ocrx_word' id='word_1_291' title='bbox 356 2115 400 2121; x_wconf 81' lang='lat'><strong>—</strong></span> <span class='ocrx_word' id='word_1_292' title='bbox 424 2098 520 2130; x_wconf 84' lang='lat' dir='ltr'>iam.</span> <span class='ocrx_word' id='word_1_293' title='bbox 536 2121 544 2129; x_wconf 92' lang='lat'>.</span> <span class='ocrx_word' id='word_1_294' title='bbox 559 2098 641 2137; x_wconf 81' lang='lat' dir='ltr'>esse]</span> <span class='ocrx_word' id='word_1_295' title='bbox 667 2096 737 2129; x_wconf 84' lang='lat' dir='ltr'>Liv.</span> <span class='ocrx_word' id='word_1_296' title='bbox 765 2097 856 2139; x_wconf 83' lang='lat' dir='ltr'>geht,</span> 
     </span>
     <span class='ocr_line' id='line_1_39' title="bbox 174 2141 858 2186; baseline 0 -12"><span class='ocrx_word' id='word_1_297' title='bbox 174 2142 339 2175; x_wconf 86' lang='lat' dir='ltr'>nachdem</span> <span class='ocrx_word' id='word_1_298' title='bbox 358 2152 393 2175; x_wconf 90' lang='lat' dir='ltr'>er</span> <span class='ocrx_word' id='word_1_299' title='bbox 410 2141 492 2185; x_wconf 87' lang='lat' dir='ltr'>Kap.</span> <span class='ocrx_word' id='word_1_300' title='bbox 514 2144 645 2176; x_wconf 67' lang='lat'>14-18</span> <span class='ocrx_word' id='word_1_301' title='bbox 668 2151 728 2175; x_wconf 89' lang='lat' dir='ltr'>aus</span> <span class='ocrx_word' id='word_1_302' title='bbox 754 2142 858 2186; x_wconf 72' lang='lat' dir='ltr'>Poly-</span> 
     </span>
     <span class='ocr_line' id='line_1_40' title="bbox 174 2187 858 2229; baseline 0.001 -10"><span class='ocrx_word' id='word_1_303' title='bbox 174 2188 249 2220; x_wconf 88' lang='lat' dir='ltr'>bios</span> <span class='ocrx_word' id='word_1_304' title='bbox 287 2188 362 2220; x_wconf 88' lang='lat' dir='ltr'>eine</span> <span class='ocrx_word' id='word_1_305' title='bbox 394 2188 518 2220; x_wconf 89' lang='lat' dir='ltr'>zweite</span> <span class='ocrx_word' id='word_1_306' title='bbox 550 2187 767 2229; x_wconf 84' lang='lat' dir='ltr'>Darstellung</span> <span class='ocrx_word' id='word_1_307' title='bbox 800 2188 858 2220; x_wconf 87' lang='lat' dir='ltr'>der</span> 
     </span>
     <span class='ocr_line' id='line_1_41' title="bbox 174 2232 858 2276; baseline 0.001 -11"><span class='ocrx_word' id='word_1_308' title='bbox 174 2232 389 2275; x_wconf 85' lang='lat' dir='ltr'>Entstehung</span> <span class='ocrx_word' id='word_1_309' title='bbox 407 2232 467 2266; x_wconf 88' lang='lat' dir='ltr'>des</span> <span class='ocrx_word' id='word_1_310' title='bbox 485 2232 625 2276; x_wconf 82' lang='lat' dir='ltr'>Krieges</span> <span class='ocrx_word' id='word_1_311' title='bbox 643 2243 684 2265; x_wconf 89' lang='lat' dir='ltr'>zu</span> <span class='ocrx_word' id='word_1_312' title='bbox 710 2233 768 2266; x_wconf 88' lang='lat' dir='ltr'>der</span> <span class='ocrx_word' id='word_1_313' title='bbox 793 2233 858 2266; x_wconf 86' lang='lat' dir='ltr'>den</span> 
     </span>
     <span class='ocr_line' id='line_1_42' title="bbox 174 2278 859 2321; baseline 0 -10"><span class='ocrx_word' id='word_1_314' title='bbox 174 2278 376 2311; x_wconf 88' lang='lat' dir='ltr'>Annalisten</span> <span class='ocrx_word' id='word_1_315' title='bbox 400 2278 714 2321; x_wconf 75' lang='grc' dir='ltr'>6311633163(Κ3Ρ.</span> <span class='ocrx_word' id='word_1_316' title='bbox 738 2281 859 2319; x_wconf 81' lang='lat'>1—13)</span> 
     </span>
     <span class='ocr_line' id='line_1_43' title="bbox 175 2323 858 2367; baseline 0 -11"><span class='ocrx_word' id='word_1_317' title='bbox 175 2324 399 2366; x_wconf 76' lang='lat' dir='ltr'>hinzugesugt</span> <span class='ocrx_word' id='word_1_318' title='bbox 422 2323 490 2357; x_wconf 92' lang='lat' dir='ltr'>und</span> <span class='ocrx_word' id='word_1_319' title='bbox 516 2324 570 2357; x_wconf 87' lang='lat' dir='ltr'>die</span> <span class='ocrx_word' id='word_1_320' title='bbox 586 2324 780 2367; x_wconf 82' lang='lat' dir='ltr'>Ereignisse</span> <span class='ocrx_word' id='word_1_321' title='bbox 806 2324 858 2356; x_wconf 89' lang='lat' dir='ltr'>bis</span> 
     </span>
     <span class='ocr_line' id='line_1_44' title="bbox 176 2368 860 2403; baseline 0.001 -3"><span class='ocrx_word' id='word_1_322' title='bbox 176 2370 210 2401; x_wconf 89' lang='lat' dir='ltr'>in</span> <span class='ocrx_word' id='word_1_323' title='bbox 235 2369 299 2401; x_wconf 87' lang='lat' dir='ltr'>den</span> <span class='ocrx_word' id='word_1_324' title='bbox 325 2369 447 2402; x_wconf 86' lang='lat' dir='ltr'>Herbst</span> <span class='ocrx_word' id='word_1_325' title='bbox 471 2369 530 2403; x_wconf 87' lang='lat' dir='ltr'>des</span> <span class='ocrx_word' id='word_1_326' title='bbox 554 2368 584 2403; x_wconf 86' lang='lat' dir='ltr'>J.</span> <span class='ocrx_word' id='word_1_327' title='bbox 603 2371 668 2403; x_wconf 91' lang='grc'>200</span> <span class='ocrx_word' id='word_1_328' title='bbox 694 2369 776 2402; x_wconf 86' lang='lat' dir='ltr'>kurz</span> <span class='ocrx_word' id='word_1_329' title='bbox 802 2379 860 2402; x_wconf 91' lang='lat' dir='ltr'>zu-</span> 
     </span>
     <span class='ocr_line' id='line_1_45' title="bbox 177 2414 857 2457; baseline 0.003 -11"><span class='ocrx_word' id='word_1_330' title='bbox 177 2415 470 2457; x_wconf 81' lang='lat' dir='ltr'>sammengestellt</span> <span class='ocrx_word' id='word_1_331' title='bbox 503 2415 575 2455; x_wconf 87' lang='lat' dir='ltr'>hat,</span> <span class='ocrx_word' id='word_1_332' title='bbox 608 2414 666 2448; x_wconf 81' lang='lat' dir='ltr'>auf</span> <span class='ocrx_word' id='word_1_333' title='bbox 693 2418 743 2456; x_wconf 87' lang='grc'>14,</span> <span class='ocrx_word' id='word_1_334' title='bbox 772 2417 857 2448; x_wconf 89' lang='lat'>1——3</span> 
     </span>
     <span class='ocr_line' id='line_1_46' title="bbox 177 2459 858 2501; baseline 0.003 -10"><span class='ocrx_word' id='word_1_335' title='bbox 177 2459 246 2491; x_wconf 91' lang='lat' dir='ltr'>und</span> <span class='ocrx_word' id='word_1_336' title='bbox 271 2459 325 2492; x_wconf 87' lang='lat' dir='ltr'>die</span> <span class='ocrx_word' id='word_1_337' title='bbox 350 2460 551 2494; x_wconf 85' lang='lat' dir='ltr'>Annalisten</span> <span class='ocrx_word' id='word_1_338' title='bbox 577 2460 720 2501; x_wconf 78' lang='lat' dir='ltr'>zuriiek,</span> <span class='ocrx_word' id='word_1_339' title='bbox 746 2459 858 2493; x_wconf 88' lang='lat' dir='ltr'>denen</span> 
     </span>
     <span class='ocr_line' id='line_1_47' title="bbox 178 2502 856 2547; baseline 0.004 -11"><span class='ocrx_word' id='word_1_340' title='bbox 178 2502 262 2547; x_wconf 84' lang='lat' dir='ltr'>Kap.</span> <span class='ocrx_word' id='word_1_341' title='bbox 290 2507 432 2543; x_wconf 87' lang='grc'>19-22,</span> <span class='ocrx_word' id='word_1_342' title='bbox 459 2507 477 2539; x_wconf 91' lang='grc'><strong>3</strong></span> <span class='ocrx_word' id='word_1_343' title='bbox 497 2510 712 2539; x_wconf 89' lang='lat' dir='ltr'>entnommen</span> <span class='ocrx_word' id='word_1_344' title='bbox 739 2506 794 2540; x_wconf 79' lang='lat' dir='ltr'>ist.</span> <span class='ocrx_word' id='word_1_345' title='bbox 818 2525 856 2529; x_wconf 97' lang='lat'><strong>—</strong></span> 
     </span>
     <span class='ocr_line' id='line_1_48' title="bbox 177 2550 858 2594; baseline 0.003 -13"><span class='ocrx_word' id='word_1_346' title='bbox 177 2551 214 2582; x_wconf 79' lang='lat' dir='ltr'>in</span> <span class='ocrx_word' id='word_1_347' title='bbox 248 2550 373 2592; x_wconf 75' lang='lat' dir='ltr'>Epiro]</span> <span class='ocrx_word' id='word_1_348' title='bbox 400 2552 444 2583; x_wconf 87' lang='lat' dir='ltr'>im</span> <span class='ocrx_word' id='word_1_349' title='bbox 478 2552 640 2585; x_wconf 82' lang='lat' dir='ltr'>weiteren</span> <span class='ocrx_word' id='word_1_350' title='bbox 667 2551 786 2594; x_wconf 88' lang='lat' dir='ltr'>Sinne,</span> <span class='ocrx_word' id='word_1_351' title='bbox 825 2551 858 2583; x_wconf 89' lang='lat' dir='ltr'>in</span> 
     </span>
    </p>
   </div>
   <div class='ocr_carea' id='block_1_8' title="bbox 924 1357 1612 1775">
    <p class='ocr_par' dir='ltr' id='par_1_13' title="bbox 924 1357 1611 1581">
     <span class='ocr_line' id='line_1_49' title="bbox 926 1357 1609 1403; baseline 0.003 -13"><span class='ocrx_word' id='word_1_352' title='bbox 926 1358 1093 1391; x_wconf 88' lang='lat' dir='ltr'>welchem</span> <span class='ocrx_word' id='word_1_353' title='bbox 1126 1368 1162 1391; x_wconf 90' lang='lat' dir='ltr'>es</span> <span class='ocrx_word' id='word_1_354' title='bbox 1192 1359 1280 1392; x_wconf 85' lang='lat' dir='ltr'>auch</span> <span class='ocrx_word' id='word_1_355' title='bbox 1307 1359 1406 1393; x_wconf 88' lang='lat' dir='ltr'>einen</span> <span class='ocrx_word' id='word_1_356' title='bbox 1430 1357 1507 1393; x_wconf 85' lang='lat' dir='ltr'>Teil</span> <span class='ocrx_word' id='word_1_357' title='bbox 1530 1358 1609 1403; x_wconf 83' lang='lat' dir='ltr'>my-</span> 
     </span>
     <span class='ocr_line' id='line_1_50' title="bbox 924 1403 1610 1446; baseline 0.003 -10"><span class='ocrx_word' id='word_1_358' title='bbox 924 1404 1015 1437; x_wconf 85' lang='lat' dir='ltr'>riens</span> <span class='ocrx_word' id='word_1_359' title='bbox 1046 1403 1209 1442; x_wconf 77' lang='lat' dir='ltr'>unisasst;</span> <span class='ocrx_word' id='word_1_360' title='bbox 1240 1404 1309 1446; x_wconf 87' lang='lat' dir='ltr'>vgl.</span> <span class='ocrx_word' id='word_1_361' title='bbox 1342 1407 1396 1446; x_wconf 87' lang='lat'>35,</span> <span class='ocrx_word' id='word_1_362' title='bbox 1421 1406 1476 1446; x_wconf 82' lang='lat'>24,</span> <span class='ocrx_word' id='word_1_363' title='bbox 1502 1406 1532 1437; x_wconf 87' lang='lat'>7.</span> <span class='ocrx_word' id='word_1_364' title='bbox 1565 1423 1610 1428; x_wconf 98' lang='lat'><strong>—</strong></span> 
     </span>
     <span class='ocr_line' id='line_1_51' title="bbox 928 1449 1611 1492; baseline 0.001 -10"><span class='ocrx_word' id='word_1_365' title='bbox 928 1449 1167 1492; x_wconf 78' lang='lat' dir='ltr'>Apolloniam]</span> <span class='ocrx_word' id='word_1_366' title='bbox 1193 1459 1219 1483; x_wconf 88' lang='lat' dir='ltr'>s.</span> <span class='ocrx_word' id='word_1_367' title='bbox 1251 1451 1304 1489; x_wconf 84' lang='lat'>24,</span> <span class='ocrx_word' id='word_1_368' title='bbox 1330 1452 1384 1490; x_wconf 86' lang='lat'>40,</span> <span class='ocrx_word' id='word_1_369' title='bbox 1402 1452 1434 1483; x_wconf 82' lang='lat'>2.</span> <span class='ocrx_word' id='word_1_370' title='bbox 1459 1469 1500 1475; x_wconf 87' lang='lat'>—-</span> <span class='ocrx_word' id='word_1_371' title='bbox 1528 1450 1611 1483; x_wconf 84' lang='lat' dir='ltr'>Cor-</span> 
     </span>
     <span class='ocr_line' id='line_1_52' title="bbox 926 1495 1611 1538; baseline 0.004 -12"><span class='ocrx_word' id='word_1_372' title='bbox 926 1505 1049 1538; x_wconf 74' lang='lat' dir='ltr'>cyram</span> <span class='ocrx_word' id='word_1_373' title='bbox 1073 1496 1112 1527; x_wconf 83' lang='lat' dir='ltr'>in</span> <span class='ocrx_word' id='word_1_374' title='bbox 1138 1496 1300 1536; x_wconf 72' lang='lat' dir='ltr'>hiberna]</span> <span class='ocrx_word' id='word_1_375' title='bbox 1324 1495 1393 1538; x_wconf 79' lang='lat' dir='ltr'>vgl.</span> <span class='ocrx_word' id='word_1_376' title='bbox 1421 1497 1474 1536; x_wconf 77' lang='lat'>28,</span> <span class='ocrx_word' id='word_1_377' title='bbox 1501 1497 1555 1537; x_wconf 86' lang='grc'>37,</span> <span class='ocrx_word' id='word_1_378' title='bbox 1580 1496 1611 1529; x_wconf 87' lang='grc'>9.</span> 
     </span>
     <span class='ocr_line' id='line_1_53' title="bbox 925 1541 1346 1581; baseline 0.005 -9"><span class='ocrx_word' id='word_1_379' title='bbox 925 1559 968 1564; x_wconf 91' lang='lat'>—-</span> <span class='ocrx_word' id='word_1_380' title='bbox 995 1541 1157 1581; x_wconf 75' lang='lat' dir='ltr'>hiberna]</span> <span class='ocrx_word' id='word_1_381' title='bbox 1183 1550 1209 1574; x_wconf 88' lang='lat' dir='ltr'>S.</span> <span class='ocrx_word' id='word_1_382' title='bbox 1234 1542 1287 1581; x_wconf 90' lang='grc'>22,</span> <span class='ocrx_word' id='word_1_383' title='bbox 1313 1543 1346 1574; x_wconf 93' lang='lat'>4.</span> 
     </span>
    </p>

    <p class='ocr_par' dir='ltr' id='par_1_14' title="bbox 927 1596 1612 1775">
     <span class='ocr_line' id='line_1_54' title="bbox 971 1596 1610 1632; baseline -0.002 -1"><span class='ocrx_word' id='word_1_384' title='bbox 971 1596 1031 1632; x_wconf 88' lang='lat'>19.</span> <span class='ocrx_word' id='word_1_385' title='bbox 1056 1596 1283 1630; x_wconf 84' lang='lat' dir='ltr'>Nachrichten</span> <span class='ocrx_word' id='word_1_386' title='bbox 1299 1607 1360 1630; x_wconf 85' lang='lat' dir='ltr'>aus</span> <span class='ocrx_word' id='word_1_387' title='bbox 1374 1596 1502 1630; x_wconf 83' lang='lat' dir='ltr'>Afrika.</span> <span class='ocrx_word' id='word_1_388' title='bbox 1529 1597 1610 1631; x_wconf 89' lang='lat' dir='ltr'>Zon.</span> 
     </span>
     <span class='ocr_line' id='line_1_55' title="bbox 927 1644 1612 1729; baseline -0.001 -8"><span class='ocrx_word' id='word_1_389' title='bbox 927 1644 958 1683; x_wconf 46' lang='grc'>9,</span> <span class='ocrx_word' id='word_1_390' title='bbox 976 1644 1065 1721; x_wconf 61' lang='grc' dir='ltr'>11.31’7ι</span> <span class='ocrx_word' id='word_1_391' title='bbox 1081 1686 1260 1729; x_wconf 79' lang='lat' dir='ltr'>Africam]</span> <span class='ocrx_word' id='word_1_392' title='bbox 1276 1697 1301 1720; x_wconf 89' lang='lat' dir='ltr'>s.</span> <span class='ocrx_word' id='word_1_393' title='bbox 1320 1689 1372 1728; x_wconf 91' lang='lat'>11,</span> <span class='ocrx_word' id='word_1_394' title='bbox 1385 1689 1416 1721; x_wconf 87' lang='grc'>4.</span> <span class='ocrx_word' id='word_1_395' title='bbox 1434 1707 1476 1711; x_wconf 92' lang='grc'><strong>-</strong></span> <span class='ocrx_word' id='word_1_396' title='bbox 1491 1688 1612 1729; x_wconf 79' lang='lat' dir='ltr'>duce]*</span> 
     </span>
     <span class='ocr_line' id='line_1_56' title="bbox 927 1733 1611 1775; baseline 0.004 -11"><span class='ocrx_word' id='word_1_397' title='bbox 927 1753 969 1757; x_wconf 96' lang='lat'>—</span> <span class='ocrx_word' id='word_1_398' title='bbox 994 1733 1093 1765; x_wconf 74' lang='lat' dir='ltr'>vltra</span> <span class='ocrx_word' id='word_1_399' title='bbox 1108 1758 1115 1765; x_wconf 91' lang='lat'>.</span> <span class='ocrx_word' id='word_1_400' title='bbox 1131 1758 1138 1765; x_wconf 91' lang='lat'>.</span> <span class='ocrx_word' id='word_1_401' title='bbox 1154 1743 1259 1775; x_wconf 83' lang='lat' dir='ltr'>quam</span> <span class='ocrx_word' id='word_1_402' title='bbox 1280 1736 1321 1765; x_wconf 80' lang='lat' dir='ltr'>ut</span> <span class='ocrx_word' id='word_1_403' title='bbox 1333 1758 1341 1766; x_wconf 93' lang='lat'>.</span> <span class='ocrx_word' id='word_1_404' title='bbox 1357 1735 1379 1774; x_wconf 84' lang='lat'>.]</span> <span class='ocrx_word' id='word_1_405' title='bbox 1404 1743 1430 1766; x_wconf 89' lang='lat' dir='ltr'>s.</span> <span class='ocrx_word' id='word_1_406' title='bbox 1449 1743 1490 1766; x_wconf 92' lang='lat' dir='ltr'>zu</span> <span class='ocrx_word' id='word_1_407' title='bbox 1508 1735 1540 1775; x_wconf 86' lang='lat'>8,</span> <span class='ocrx_word' id='word_1_408' title='bbox 1557 1735 1611 1773; x_wconf 93' lang='lat'>27,</span> 
     </span>
    </p>
   </div>
   <div class='ocr_carea' id='block_1_9' title="bbox 912 1777 1611 1822">
    <p class='ocr_par' dir='ltr' id='par_1_15' title="bbox 912 1777 1611 1822">
     <span class='ocr_line' id='line_1_57' title="bbox 912 1777 1611 1822; baseline 0.001 -11"><span class='ocrx_word' id='word_1_409' title='bbox 912 1812 915 1815; x_wconf 62' lang='grc'>,</span> <span class='ocrx_word' id='word_1_410' title='bbox 932 1781 982 1812; x_wconf 87' lang='grc'>11.</span> <span class='ocrx_word' id='word_1_411' title='bbox 1002 1798 1039 1802; x_wconf 90' lang='lat'>——</span> <span class='ocrx_word' id='word_1_412' title='bbox 1062 1780 1153 1811; x_wconf 79' lang='lat' dir='ltr'>bona</span> <span class='ocrx_word' id='word_1_413' title='bbox 1169 1805 1177 1813; x_wconf 91' lang='lat'>.</span> <span class='ocrx_word' id='word_1_414' title='bbox 1193 1780 1214 1819; x_wconf 93' lang='lat'>.]</span> <span class='ocrx_word' id='word_1_415' title='bbox 1239 1777 1299 1811; x_wconf 87' lang='lat' dir='ltr'>das</span> <span class='ocrx_word' id='word_1_416' title='bbox 1315 1778 1519 1822; x_wconf 84' lang='lat' dir='ltr'>Asyndeton</span> <span class='ocrx_word' id='word_1_417' title='bbox 1545 1779 1611 1812; x_wconf 88' lang='lat' dir='ltr'>wie</span> 
     </span>
    </p>
   </div>
   <div class='ocr_carea' id='block_1_10' title="bbox 925 1825 1612 2591">
    <p class='ocr_par' dir='ltr' id='par_1_16' title="bbox 929 1825 1612 1912">
     <span class='ocr_line' id='line_1_58' title="bbox 929 1825 1612 1867; baseline 0 -10"><span class='ocrx_word' id='word_1_418' title='bbox 929 1826 983 1865; x_wconf 92' lang='grc'>22,</span> <span class='ocrx_word' id='word_1_419' title='bbox 1011 1826 1065 1865; x_wconf 84' lang='grc'>39,</span> <span class='ocrx_word' id='word_1_420' title='bbox 1091 1825 1128 1863; x_wconf 83' lang='grc'>3;</span> <span class='ocrx_word' id='word_1_421' title='bbox 1154 1825 1210 1866; x_wconf 84' lang='grc'>45,</span> <span class='ocrx_word' id='word_1_422' title='bbox 1235 1825 1289 1863; x_wconf 87' lang='grc'>25,</span> <span class='ocrx_word' id='word_1_423' title='bbox 1317 1825 1358 1857; x_wconf 88' lang='grc'>12</span> <span class='ocrx_word' id='word_1_424' title='bbox 1382 1835 1416 1857; x_wconf 89' lang='lat' dir='ltr'>u.</span> <span class='ocrx_word' id='word_1_425' title='bbox 1433 1833 1464 1858; x_wconf 88' lang='grc'>3.</span> <span class='ocrx_word' id='word_1_426' title='bbox 1481 1843 1525 1848; x_wconf 90' lang='grc'><strong>-</strong></span> <span class='ocrx_word' id='word_1_427' title='bbox 1544 1834 1612 1867; x_wconf 84' lang='lat' dir='ltr'>pu-</span> 
     </span>
     <span class='ocr_line' id='line_1_59' title="bbox 930 1868 1307 1912; baseline 0 -10"><span class='ocrx_word' id='word_1_428' title='bbox 930 1868 1118 1912; x_wconf 72' lang='lat' dir='ltr'>micarent]</span> <span class='ocrx_word' id='word_1_429' title='bbox 1144 1879 1171 1902; x_wconf 90' lang='lat' dir='ltr'>s.</span> <span class='ocrx_word' id='word_1_430' title='bbox 1199 1870 1250 1909; x_wconf 85' lang='lat'>13,</span> <span class='ocrx_word' id='word_1_431' title='bbox 1274 1871 1307 1902; x_wconf 90' lang='grc'>4.</span> 
     </span>
    </p>

    <p class='ocr_par' dir='ltr' id='par_1_17' title="bbox 925 1915 1612 2044">
     <span class='ocr_line' id='line_1_60' title="bbox 972 1915 1612 1956; baseline -0.002 -8"><span class='ocrx_word' id='word_1_432' title='bbox 972 1917 1003 1948; x_wconf 91' lang='lat'>2.</span> <span class='ocrx_word' id='word_1_433' title='bbox 1018 1916 1206 1956; x_wconf 77' lang='lat' dir='ltr'>vestigare]</span> <span class='ocrx_word' id='word_1_434' title='bbox 1220 1924 1246 1947; x_wconf 88' lang='lat' dir='ltr'>s.</span> <span class='ocrx_word' id='word_1_435' title='bbox 1262 1915 1315 1954; x_wconf 88' lang='lat'>32,</span> <span class='ocrx_word' id='word_1_436' title='bbox 1328 1916 1612 1955; x_wconf 79' lang='lat' dir='ltr'>26,13.-—satis-</span> 
     </span>
     <span class='ocr_line' id='line_1_61' title="bbox 925 1960 1610 2001; baseline 0 -8"><span class='ocrx_word' id='word_1_437' title='bbox 925 1960 1144 2000; x_wconf 75' lang='lat' dir='ltr'>facerent]s.</span> <span class='ocrx_word' id='word_1_438' title='bbox 1163 1961 1217 1999; x_wconf 88' lang='grc'>21,</span> <span class='ocrx_word' id='word_1_439' title='bbox 1236 1962 1285 1999; x_wconf 80' lang='lat'>10,</span> <span class='ocrx_word' id='word_1_440' title='bbox 1305 1961 1362 1998; x_wconf 86' lang='lat'>13;</span> <span class='ocrx_word' id='word_1_441' title='bbox 1382 1961 1434 2000; x_wconf 86' lang='lat'>32,</span> <span class='ocrx_word' id='word_1_442' title='bbox 1453 1961 1504 2001; x_wconf 84' lang='lat'>14,</span> <span class='ocrx_word' id='word_1_443' title='bbox 1519 1961 1549 1993; x_wconf 92' lang='lat'>6.</span> <span class='ocrx_word' id='word_1_444' title='bbox 1569 1978 1610 1984; x_wconf 80' lang='lat'>—</span> 
     </span>
     <span class='ocr_line' id='line_1_62' title="bbox 927 1985 1611 2047; baseline 0.003 -10"><span class='ocrx_word' id='word_1_445' title='bbox 927 2005 1096 2044; x_wconf 80' lang='lat' dir='ltr'>modium]</span> <span class='ocrx_word' id='word_1_446' title='bbox 1117 2004 1176 2037; x_wconf 83' lang='lat' dir='ltr'>der</span> <span class='ocrx_word' id='word_1_447' title='bbox 1192 1985 1327 2037; x_wconf 74' lang='lat' dir='ltr'>N&#39;Iodi&#39;us</span> <span class='ocrx_word' id='word_1_448' title='bbox 1350 2020 1395 2032; x_wconf 92' lang='lat'><strong><em>=</em></strong></span> <span class='ocrx_word' id='word_1_449' title='bbox 1421 2007 1451 2047; x_wconf 90' lang='lat'>8,</span> <span class='ocrx_word' id='word_1_450' title='bbox 1455 2007 1497 2038; x_wconf 90' lang='lat'>75</span> <span class='ocrx_word' id='word_1_451' title='bbox 1511 2005 1611 2039; x_wconf 87' lang='lat' dir='ltr'>Liter.</span> 
     </span>
    </p>

    <p class='ocr_par' dir='ltr' id='par_1_18' title="bbox 927 2045 1610 2182">
     <span class='ocr_line' id='line_1_63' title="bbox 974 2045 1610 2092; baseline 0.002 -9"><span class='ocrx_word' id='word_1_452' title='bbox 974 2053 1003 2083; x_wconf 88' lang='lat'>3.</span> <span class='ocrx_word' id='word_1_453' title='bbox 1031 2050 1146 2091; x_wconf 72' lang='lat' dir='ltr'>daret]</span> <span class='ocrx_word' id='word_1_454' title='bbox 1173 2050 1282 2092; x_wconf 88' lang='lat' dir='ltr'>geben</span> <span class='ocrx_word' id='word_1_455' title='bbox 1309 2050 1439 2091; x_wconf 86' lang='lat' dir='ltr'>wollte,</span> <span class='ocrx_word' id='word_1_456' title='bbox 1458 2045 1610 2090; x_wconf 84' lang='lat' dir='ltr'>anbot’;</span> 
     </span>
     <span class='ocr_line' id='line_1_64' title="bbox 927 2095 1611 2138; baseline 0.007 -13"><span class='ocrx_word' id='word_1_457' title='bbox 927 2097 1083 2137; x_wconf 76' lang='lat' dir='ltr'>s.,‚941</span> <span class='ocrx_word' id='word_1_458' title='bbox 1110 2098 1145 2133; x_wconf 89' lang='grc'>3,</span> <span class='ocrx_word' id='word_1_459' title='bbox 1170 2095 1313 2138; x_wconf 79' lang='lat' dir='ltr'>vgl.23‚</span> <span class='ocrx_word' id='word_1_460' title='bbox 1341 2098 1395 2138; x_wconf 88' lang='lat'>19,</span> <span class='ocrx_word' id='word_1_461' title='bbox 1420 2098 1457 2135; x_wconf 94' lang='lat'>7,</span> <span class='ocrx_word' id='word_1_462' title='bbox 1484 2097 1611 2138; x_wconf 83' lang='grc'>25,33,</span> 
     </span>
     <span class='ocr_line' id='line_1_65' title="bbox 929 2141 1216 2182; baseline 0.003 -8"><span class='ocrx_word' id='word_1_463' title='bbox 929 2144 964 2179; x_wconf 84' lang='grc'>5;</span> <span class='ocrx_word' id='word_1_464' title='bbox 991 2141 1078 2174; x_wconf 88' lang='lat' dir='ltr'>oben</span> <span class='ocrx_word' id='word_1_465' title='bbox 1108 2143 1158 2182; x_wconf 89' lang='grc'>17,</span> <span class='ocrx_word' id='word_1_466' title='bbox 1185 2143 1216 2175; x_wconf 89' lang='lat'>3.</span> 
     </span>
    </p>

    <p class='ocr_par' dir='ltr' id='par_1_19' title="bbox 927 2186 1612 2591">
     <span class='ocr_line' id='line_1_66' title="bbox 975 2186 1610 2229; baseline 0 -10"><span class='ocrx_word' id='word_1_467' title='bbox 975 2189 1006 2219; x_wconf 86' lang='lat'>4.</span> <span class='ocrx_word' id='word_1_468' title='bbox 1034 2186 1117 2229; x_wconf 78' lang='lat' dir='ltr'>ipse]</span> <span class='ocrx_word' id='word_1_469' title='bbox 1150 2197 1185 2228; x_wconf 64' lang='lat' dir='ltr'>er</span> <span class='ocrx_word' id='word_1_470' title='bbox 1217 2187 1307 2229; x_wconf 70' lang='lat' dir='ltr'>tragt</span> <span class='ocrx_word' id='word_1_471' title='bbox 1339 2186 1412 2219; x_wconf 90' lang='lat' dir='ltr'>also</span> <span class='ocrx_word' id='word_1_472' title='bbox 1444 2186 1531 2220; x_wconf 89' lang='lat' dir='ltr'>auch</span> <span class='ocrx_word' id='word_1_473' title='bbox 1556 2186 1610 2219; x_wconf 84' lang='lat' dir='ltr'>die</span> 
     </span>
     <span class='ocr_line' id='line_1_67' title="bbox 929 2231 1611 2274; baseline 0 -10"><span class='ocrx_word' id='word_1_474' title='bbox 929 2231 1056 2265; x_wconf 85' lang='lat' dir='ltr'>Kosteu</span> <span class='ocrx_word' id='word_1_475' title='bbox 1082 2232 1142 2265; x_wconf 86' lang='lat' dir='ltr'>der</span> <span class='ocrx_word' id='word_1_476' title='bbox 1165 2231 1365 2272; x_wconf 82' lang='lat' dir='ltr'>Ubersahrt,</span> <span class='ocrx_word' id='word_1_477' title='bbox 1390 2231 1548 2274; x_wconf 87' lang='lat' dir='ltr'>ohgleich</span> <span class='ocrx_word' id='word_1_478' title='bbox 1572 2234 1611 2264; x_wconf 81' lang='lat' dir='ltr'>in</span> 
     </span>
     <span class='ocr_line' id='line_1_68' title="bbox 927 2277 1610 2320; baseline 0.001 -12"><span class='ocrx_word' id='word_1_479' title='bbox 927 2279 1031 2309; x_wconf 78' lang='lat' dir='ltr'>navis</span> <span class='ocrx_word' id='word_1_480' title='bbox 1063 2279 1245 2320; x_wconf 80' lang='lat' dir='ltr'>imponere</span> <span class='ocrx_word' id='word_1_481' title='bbox 1274 2277 1440 2311; x_wconf 66' lang='lat' dir='ltr'>zunachst</span> <span class='ocrx_word' id='word_1_482' title='bbox 1463 2287 1526 2310; x_wconf 89' lang='lat' dir='ltr'>nur</span> <span class='ocrx_word' id='word_1_483' title='bbox 1550 2277 1610 2310; x_wconf 87' lang='lat' dir='ltr'>das</span> 
     </span>
     <span class='ocr_line' id='line_1_69' title="bbox 928 2321 1610 2356; baseline 0.001 -1"><span class='ocrx_word' id='word_1_484' title='bbox 928 2322 1134 2355; x_wconf 79' lang='lat' dir='ltr'>Einschiffen</span> <span class='ocrx_word' id='word_1_485' title='bbox 1170 2323 1378 2356; x_wconf 86' lang='lat' dir='ltr'>bezeichnet.</span> <span class='ocrx_word' id='word_1_486' title='bbox 1431 2321 1610 2356; x_wconf 85' lang='lat' dir='ltr'>Masinissa</span> 
     </span>
     <span class='ocr_line' id='line_1_70' title="bbox 928 2366 1610 2411; baseline -0.001 -10"><span class='ocrx_word' id='word_1_487' title='bbox 928 2368 997 2401; x_wconf 88' lang='lat' dir='ltr'>und</span> <span class='ocrx_word' id='word_1_488' title='bbox 1029 2367 1084 2400; x_wconf 85' lang='lat' dir='ltr'>die</span> <span class='ocrx_word' id='word_1_489' title='bbox 1118 2367 1322 2411; x_wconf 76' lang='lat' dir='ltr'>Karthager,</span> <span class='ocrx_word' id='word_1_490' title='bbox 1356 2366 1515 2409; x_wconf 83' lang='lat' dir='ltr'>obgleich</span> <span class='ocrx_word' id='word_1_491' title='bbox 1548 2367 1610 2401; x_wconf 83' lang='lat' dir='ltr'>frei</span> 
     </span>
     <span class='ocr_line' id='line_1_71' title="bbox 930 2411 1612 2457; baseline 0 -12"><span class='ocrx_word' id='word_1_492' title='bbox 930 2412 996 2446; x_wconf 91' lang='lat' dir='ltr'>und</span> <span class='ocrx_word' id='word_1_493' title='bbox 1013 2413 1236 2457; x_wconf 69' lang='lat' dir='ltr'>selbstiindig,</span> <span class='ocrx_word' id='word_1_494' title='bbox 1254 2412 1329 2446; x_wconf 88' lang='lat' dir='ltr'>sind</span> <span class='ocrx_word' id='word_1_495' title='bbox 1345 2412 1432 2445; x_wconf 88' lang='lat' dir='ltr'>doch</span> <span class='ocrx_word' id='word_1_496' title='bbox 1449 2412 1501 2445; x_wconf 86' lang='lat' dir='ltr'>als</span> <span class='ocrx_word' id='word_1_497' title='bbox 1521 2411 1612 2445; x_wconf 89' lang='grc' dir='ltr'>Β33-</span> 
     </span>
     <span class='ocr_line' id='line_1_72' title="bbox 928 2457 1609 2501; baseline 0 -10"><span class='ocrx_word' id='word_1_498' title='bbox 928 2458 1160 2500; x_wconf 84' lang='lat' dir='ltr'>desgenossen</span> <span class='ocrx_word' id='word_1_499' title='bbox 1185 2469 1225 2492; x_wconf 91' lang='lat' dir='ltr'>zu</span> <span class='ocrx_word' id='word_1_500' title='bbox 1247 2458 1385 2491; x_wconf 86' lang='lat' dir='ltr'>solchen</span> <span class='ocrx_word' id='word_1_501' title='bbox 1404 2457 1609 2501; x_wconf 82' lang='lat' dir='ltr'>Leistungen</span> 
     </span>
     <span class='ocr_line' id='line_1_73' title="bbox 927 2503 1609 2546; baseline 0.003 -11"><span class='ocrx_word' id='word_1_502' title='bbox 927 2503 1162 2546; x_wconf 80' lang='lat' dir='ltr'>verpssichtet;</span> <span class='ocrx_word' id='word_1_503' title='bbox 1188 2503 1257 2546; x_wconf 71' lang='lat' dir='ltr'>vgl.</span> <span class='ocrx_word' id='word_1_504' title='bbox 1279 2505 1329 2543; x_wconf 86' lang='lat'>11,</span> <span class='ocrx_word' id='word_1_505' title='bbox 1352 2505 1408 2541; x_wconf 83' lang='lat'>14;</span> <span class='ocrx_word' id='word_1_506' title='bbox 1428 2505 1481 2544; x_wconf 91' lang='grc'>32,</span> <span class='ocrx_word' id='word_1_507' title='bbox 1500 2505 1554 2545; x_wconf 89' lang='lat'>27,</span> <span class='ocrx_word' id='word_1_508' title='bbox 1573 2505 1609 2542; x_wconf 86' lang='lat'>2;</span> 
     </span>
     <span class='ocr_line' id='line_1_74' title="bbox 930 2550 1611 2591; baseline -0.003 -8"><span class='ocrx_word' id='word_1_509' title='bbox 930 2551 982 2590; x_wconf 85' lang='grc'>36,</span> <span class='ocrx_word' id='word_1_510' title='bbox 1009 2552 1040 2589; x_wconf 85' lang='grc'>4,</span> <span class='ocrx_word' id='word_1_511' title='bbox 1069 2551 1101 2587; x_wconf 85' lang='grc'>1;</span> <span class='ocrx_word' id='word_1_512' title='bbox 1128 2552 1182 2590; x_wconf 81' lang='grc'>42,</span> <span class='ocrx_word' id='word_1_513' title='bbox 1208 2550 1262 2591; x_wconf 88' lang='grc'>29,</span> <span class='ocrx_word' id='word_1_514' title='bbox 1287 2550 1306 2583; x_wconf 86' lang='grc'>8</span> <span class='ocrx_word' id='word_1_515' title='bbox 1332 2559 1364 2582; x_wconf 91' lang='lat' dir='ltr'>u.</span> <span class='ocrx_word' id='word_1_516' title='bbox 1379 2558 1408 2581; x_wconf 85' lang='lat' dir='ltr'>a.</span> <span class='ocrx_word' id='word_1_517' title='bbox 1434 2568 1478 2574; x_wconf 85' lang='lat'>—</span> <span class='ocrx_word' id='word_1_518' title='bbox 1504 2550 1611 2582; x_wconf 79' lang='lat' dir='ltr'>tertia</span> 
     </span>
    </p>
   </div>
  </div>
 </body>
</html>
