1795 2844
133 104 161 123 a.
181 96 245 124 Chr.
265 103 294 122 n.
314 96 371 123 194.
571 84 696 118 LIBER
721 84 880 118 xxxnll.
929 84 1022 118 CAP.
1049 86 1103 118 46.
1129 86 1184 118 47.

1510 80 1585 119 161

137 201 319 253 legionis,
341 213 424 241 rem
448 202 488 240 in
512 202 661 254 asperis
684 201 844 254 proeliis
866 213 982 254 saepe
1006 208 1247 253 temptatam,
1272 200 1381 251 signa
1404 199 1585 252 adempta

136 259 336 310 signiferis
357 259 398 298 in
421 259 545 299 hostis
563 259 796 298 iniecerunt.
831 259 923 297 dum
942 265 1126 311 repetunt
1150 258 1264 297 enixe
1286 258 1457 308 signum,
1479 257 1587 309 prio·
1620 262 1657 293 13

143 329 207 356 res
229 317 448 356 secundani
480 329 521 356 se
551 323 663 369 porta
695 316 856 356 eiecere.
899 315 975 355 iam
998 316 1036 355 hi
1059 323 1165 354 extra
1196 315 1336 354 vallum
1360 314 1591 367 pugnabant
1614 314 1658 349 47

140 380 279 426 quarta
302 374 460 426 legione
480 374 521 413 in
545 380 657 427 porta
686 375 894 419 haerente,
927 386 1017 413 cum
1039 373 1139 413 alius
1170 372 1360 412 tumultus
1383 384 1429 411 ex
1459 384 1592 411 aversa

138 438 250 483 parte
271 438 490 472 castrorum
522 438 579 470 est
600 438 772 470 exortus.
825 431 865 470 in
889 438 1043 483 portam
1078 430 1342 482 quaestoriam
1365 429 1591 481 irruperant

138 488 239 528 Galli
255 489 556 541 resistentisque
573 489 815 541 pertinacius
832 488 1061 527 occiderant
1077 488 1120 526 L.
1139 487 1386 527 Postumium
1407 494 1591 539 quaesto-

138 558 236 592 rem,
258 546 322 586 cui
343 545 547 598 Tympano
571 546 643 585 fuit
666 557 911 598 cognomen,
945 553 982 585 et
1003 546 1053 585 M.
1078 546 1254 584 Atinium
1278 551 1315 584 et
1336 544 1378 583 P.
1403 544 1591 596 Sempro-

141 603 266 652 nium,
288 604 508 656 praefectos
530 603 697 649 socium,
721 609 758 642 et
780 604 976 643 ducentos
1001 603 1124 642 ferme
1145 602 1301 641 milites.
1344 608 1457 654 capta
1478 602 1525 640 ab
1550 614 1593 641 ea

140 667 251 713 parte
273 668 398 700 castra
420 667 543 707 erant,
574 661 701 700 donec
723 660 868 700 cohors
891 660 1211 706 extraordinaria,
1246 660 1362 698 missa
1384 672 1404 698 a
1428 659 1592 698 consule

139 718 186 757 ad
212 718 395 758 tuendam
418 718 681 771 quaestoriam
704 724 880 771 portam,
915 725 953 757 et
975 730 1055 764 eos,
1089 718 1155 770 qui
1178 718 1280 756 intra
1303 716 1446 756 vallum
1469 724 1595 763 erant,

140 775 283 828 partim
314 776 475 829 occidit,
507 776 650 828 partim
682 775 832 828 expulit
862 775 1000 815 castris
1023 783 1059 814 et
1088 774 1403 827 irrumpentibus
1433 774 1596 813 obstitit.

141 832 280 872 eodem
302 832 383 872 fere
404 839 584 885 tempore
615 839 654 872 et
677 840 814 885 quarta
844 833 946 884 legio
971 845 1062 872 cum
1091 832 1243 871 duabus
1275 831 1597 871 extraordinariis

140 889 372 929 cohortibus
391 897 505 943 porta
536 890 681 943 erupit.
733 891 785 930 ita
807 890 924 930 simul
953 891 1027 930 tria
1050 889 1197 942 proelia
1228 889 1331 929 circa
1354 895 1478 928 castra
1501 889 1599 928 locis

140 947 378 987 distantibus
400 954 532 993 erant,
563 947 835 1000 clamoresque
858 947 1008 987 dissoni
1031 948 1077 987 ad
1099 948 1273 986 incertos
1295 959 1458 985 suorum
1481 959 1599 985 even-

141 1010 206 1044 tus
226 1017 247 1044 a
270 1006 466 1057 praesenti
490 1006 704 1045 certamine
726 1007 880 1045 animos
902 1005 1168 1057 pugnantium
1190 1004 1430 1043 avertebant.
1472 1016 1599 1056 usque

140 1062 188 1101 ad
211 1062 416 1102 meridiem
437 1063 574 1115 aequis
594 1063 742 1102 viribus
764 1075 808 1102 ac
838 1075 964 1116 prope
986 1063 1072 1115 pari
1095 1075 1165 1114 spe
1188 1067 1409 1114 pugnatum
1433 1068 1503 1100 est.
1546 1061 1600 1099 la-

142 1119 216 1158 bor
238 1125 275 1158 et
306 1126 438 1160 aestus
466 1119 599 1159 mollia
632 1128 668 1159 et
694 1120 811 1160 fluida
843 1132 1011 1172 corpora
1034 1119 1235 1159 Gallorum
1268 1126 1307 1158 et
1336 1118 1500 1157 minime
1531 1131 1601 1171 pa-

143 1176 278 1216 tientia
305 1177 392 1216 sitis
413 1189 504 1216 cum
537 1178 727 1217 decedere
749 1190 883 1230 pugna
916 1177 1133 1228 coegisset,
1165 1177 1204 1215 in
1237 1188 1386 1228 paucos
1416 1176 1602 1215 restantis

141 1234 335 1286 impetum
357 1234 524 1274 Romani
557 1235 737 1274 fecerunt
758 1235 947 1287 fusosque
980 1234 1262 1287 compulerunt
1295 1234 1334 1272 in
1359 1239 1498 1273 castra.
1551 1234 1602 1272 si-

144 1303 268 1343 gnum
297 1292 388 1331 inde
416 1293 594 1344 receptui
625 1292 672 1332 ab
703 1291 865 1332 consule
888 1293 1024 1331 datum
1047 1298 1124 1339 est;
1156 1292 1202 1331 ad
1235 1291 1342 1343 quod
1364 1303 1456 1343 pars
1476 1290 1603 1329 maior

143 1356 384 1402 receperunt
414 1362 517 1397 sese,
550 1362 641 1402 pars
672 1350 898 1390 certaminis
928 1349 1056 1389 studio
1089 1356 1125 1388 et
1155 1361 1225 1401 spe
1254 1348 1436 1401 potiundi
1467 1348 1604 1387 castris

145 1407 319 1446 hostium
337 1407 508 1459 perstitit
522 1407 569 1446 ad
587 1406 742 1446 vallum.
776 1419 912 1446 eorum
932 1407 1128 1459 paucitate
1146 1412 1373 1458 contempta
1391 1405 1491 1444 Galli
1514 1405 1603 1445 uni-

147 1464 249 1503 versi
272 1477 318 1503 ex
339 1464 476 1503 castris
498 1472 737 1516 eruperunt;
768 1464 846 1504 fusi
868 1464 958 1503 inde
980 1463 1161 1511 Romani,
1196 1476 1295 1515 quae
1317 1463 1486 1515 imperio
1509 1475 1606 1502 con-

149 1521 247 1560 sulis
270 1520 498 1569 noluerant,
527 1534 599 1561 suo
621 1534 765 1574 pavore
787 1535 831 1561 ac
852 1529 1004 1561 terrore
1027 1528 1154 1560 castra
1175 1527 1377 1574 repetunt.
1429 1520 1480 1559 ita
1502 1520 1606 1560 varia

150 1618 193 1623 -
219 1609 295 1632 rem
309 1624 318 1632 .
336 1625 345 1633 .
359 1602 581 1642 temptatam]
608 1599 841 1643 selbstandige

149 1645 379 1688 Apposition;
416 1645 486 1688 vgl.
521 1656 564 1678 zu
590 1648 621 1686 4,
651 1648 703 1685 17,
729 1648 761 1680 4.
799 1666 843 1670 -

149 1691 266 1733 saepe]
300 1702 326 1725 s.
343 1693 374 1733 3,
390 1693 518 1733 7o,10;
555 1694 587 1733 6,
603 1693 633 1732 8,
649 1694 684 1730 3;
721 1693 844 1733 25,14,

150 1739 190 1775 4;
216 1738 272 1778 41,
285 1739 319 1778 4,
333 1739 352 1770 2
367 1747 400 1770 u.
415 1748 444 1772 a.
470 1757 515 1761 —
541 1738 778 1780 iniecm³2cnt]*

201 1783 253 1816 13.
280 1783 376 1824 dum]
403 1793 429 1816 s.
456 1794 498 1816 zu
525 1782 637 1817 Praef.
664 1785 694 1817 2.
715 1803 762 1808 —
778 1786 845 1816 eie-

152 1828 266 1869 cere]*

197 1873 257 1909 47.
287 1877 316 1908 1.
341 1876 520 1916 haerente]
547 1885 573 1909 s.
597 1877 649 1916 15,
673 1876 711 1912 S:
741 1877 771 1917 S,
790 1877 844 1917 38,

155 1921 208 1953 14.
240 1939 285 1944 -
316 1922 456 1961 aversa]
491 1931 559 1953 von
598 1920 663 1954 den
695 1920 844 1954 Feinden

151 1974 248 2007 weg3
263 1965 352 1999 denn
364 1965 536 2008 dieporta
545 1968 752 2009 quaestoria
763 1967 845 2010 (vgl.

153 2012 227 2052 §2:
254 2013 490 2054 quaestorem)
516 2013 559 2045 ist
585 2013 618 2044 in
644 2012 721 2045 dem
739 2012 848 2055 Lager

153 2056 209 2089 fur
233 2057 320 2090 zwei
338 2057 512 2100 Legionen
539 2068 602 2090 nur
628 2058 703 2091 eine
722 2058 846 2091 andere

153 2101 400 2146 Bezeichnung
430 2103 484 2136 [ΓΠ
517 2103 571 2136 die
602 2107 711 2146 porta
743 2105 847 2137 decu-

153 2159 282 2187 mana;
309 2159 337 2184 s.
357 2152 410 2190 10,
430 2151 484 2191 32,
503 2151 540 2192 93
573 2149 642 2192 vgl.
661 2152 715 2191 40,
735 2151 789 2191 27,
810 2152 845 2183 7:

154 2196 210 2234 41,
229 2196 262 2235 2,
278 2197 331 2228 11.

202 2241 234 2273 2.
246 2240 454 2283 praefectos
469 2239 620 2284 soc-ium]
635 2251 660 2273 s.
677 2242 732 2281 33,
747 2243 801 2281 36,
817 2244 845 2274 5.

203 2288 234 2318 3.
253 2288 379 2319 cohors
397 2287 709 2327 eaetraordinaria]
729 2297 766 2319 es
780 2287 846 2329 gab

157 2331 270 2365 neben
295 2331 360 2365 den
387 2333 547 2366 cohortes
565 2333 676 2366 alares
694 2332 766 2365 vier
791 2342 848 2365 ex-

156 2376 402 2411 traordinariae
427 2389 496 2411 von
517 2378 554 2419 je
580 2380 646 2412 420
665 2377 708 2412 Μ.
735 2379 776 2419 (s.
792 2380 846 2419 27,

159 2423 213 2463 12,
238 2424 292 2465 14)
316 2424 372 2457 bei
397 2424 485 2457 zwei
503 2424 688 2467 Legionen,
716 2423 848 2457 welche

158 2467 192 2500 in
228 2467 305 2501 dem
339 2470 520 2503 einsachen
546 2470 654 2512 Lager
680 2469 767 2502 nahe
794 2470 849 2503 bei

158 2512 218 2546 der
230 2518 327 2556 porta
338 2516 507 2558 praetoria
522 2515 593 2549 ihre
603 2515 698 2549 Zelte
713 2516 831 2549 hatten
842 2530 848 2554 ;

158 2568 186 2591 s.
200 2561 256 2601 40,
270 2562 324 2602 27,
342 2562 373 2594 3.

229 2623 262 2649 Τ.
276 2622 340 2649 Liv.
354 2622 409 2649 VH
423 2624 448 2650 2.
468 2624 493 2650 3.
505 2624 580 2651 Aufl.

960 1602 992 1634 4.
1019 1610 1099 1632 cum
1125 1600 1263 1632 duabus
1281 1626 1288 1633 .
1311 1601 1332 1640 .]
1359 1598 1419 1631 das
1445 1598 1538 1632 Thor
1563 1598 1606 1631 ist

915 1646 989 1679 also
1008 1645 1103 1679 stark
1120 1645 1265 1685 besetzt,
1293 1645 1445 1687 weniger
1463 1644 1517 1678 die
1535 1644 1607 1677 bei-

916 1692 991 1732 den,
1011 1702 1066 1724 wo
1085 1691 1139 1724 die
1158 1691 1250 1724 Socii
1269 1691 1402 1724 stehen.
1427 1709 1472 1714 -—
1498 1692 1607 1730 cirea]

916 1748 959 1771 an
990 1737 1259 1770 verschiedenen
1292 1736 1408 1770 Seiten
1447 1736 1507 1769 des
1548 1735 1610 1769 La-

917 1793 1005 1826 gers.
1043 1802 1089 1806 —
1125 1784 1174 1815 ad
1215 1785 1371 1815 incertos
1390 1784 1438 1822 ..]
1466 1782 1534 1825 vgl.
1555 1783 1608 1821 22,

917 1833 948 1866 5,
977 1832 1010 1862 4.

956 1878 987 1909 5.
1003 1875 1105 1907 labot-
1117 1878 1150 1906 et
1162 1876 1293 1914 aestus]
1308 1873 1377 1916 vgl.
1391 1884 1434 1906 zu
1451 1876 1481 1914 5,
1497 1874 1555 1913 48,
1570 1875 1608 1911 3;

916 1922 972 1961 22,
998 1922 1029 1960 2,
1055 1923 1093 1958 4;
1120 1922 1174 1959 33,
1199 1921 1253 1961 36,
1282 1922 1319 1957 8;
1347 1921 1401 1959 38,
1430 1921 1482 1959 17,
1510 1921 1538 1951 7.
1566 1938 1611 1943 —

916 1966 1044 2006 fluida]
1080 1975 1106 1998 s.
1139 1976 1181 1999 zu
1209 1968 1239 2007 ἵ,
1266 1967 1320 2005 33,
1350 1967 1401 1998 14.
1435 1983 1482 1989 -
1512 1965 1610 1997 dece-

918 2013 1001 2045 dere
1033 2013 1173 2054 pugna]
1206 2011 1276 2054 vgl.
1301 2011 1407 2044 lustin
1437 2013 1489 2053 18,
1516 2013 1546 2053 1,
1573 2012 1609 2044 6;

918 2058 1040 2090 cedere
1063 2058 1221 2100 praelim
1248 2057 1318 2100 vgl.
1343 2059 1400 2099 40,
1419 2058 1472 2097 58,
1489 2060 1524 2089 1:
1554 2059 1609 2089 υἰα

918 2104 1107 2141 decedere;
1143 2103 1231 2136 oster
1264 2103 1431 2136 decedere
1464 2102 1551 2143 fide;
1580 2105 1609 2143 3,

920 2151 973 2189 33,
992 2152 1048 2183 10:
1068 2149 1236 2181 decedere
1254 2150 1333 2181 iure
1346 2160 1425 2187 snm
1446 2148 1611 2191 gewohn-

918 2196 987 2228 lich
1012 2195 1183 2228 eaecedere
1195 2195 1348 2237 proelio.
1367 2215 1411 2218 —
1430 2196 1609 2234 restantis]

920 2252 945 2275 s.
960 2244 992 2281 4,
1008 2243 1061 2282 58,
1075 2243 1097 2274 4
1110 2251 1142 2274 u.
1158 2252 1186 2274 a.

966 2290 997 2321 6.
1025 2290 1236 2329 receperunt
1260 2298 1333 2318 sese
1357 2312 1364 2320 .
1392 2311 1399 2318 .
1414 2284 1610 2328 perstitiffl]

919 2333 978 2366 der
1003 2332 1166 2366 Wechsel
1199 2332 1260 2365 des
1293 2332 1460 2364 Numerus
1487 2331 1554 2364 wie
1579 2333 1611 2371 4,

923 2382 974 2419 16,
990 2381 1020 2413 8.
1048 2380 1102 2419 27,
1119 2381 1153 2415 ῖς
1182 2380 1235 2417 24,
1254 2379 1308 2418 21,
1324 2378 1363 2416 83
1379 2376 1448 2419 vgl.
1466 2378 1496 2417 8,
1514 2378 1611 2411 1—2.

920 2445 964 2449 —
991 2435 1103 2467 quae.
1128 2449 1135 2456 .
1160 2424 1365 2464 noluerant]
1386 2422 1488 2455 nami.
1515 2433 1614 2465 repe-

921 2474 1005 2503 tere.

969 2519 999 2548 7.
1026 2514 1219 2555 uuiversfl*
1245 2534 1290 2538 —
1308 2514 1436 2557 quad*
1460 2534 1505 2538 —
1530 2515 1614 2546 hinc

923 2588 930 2595 .
946 2588 953 2595 .
967 2561 1053 2602 fuit]
1079 2561 1148 2604 vgl.
1168 2562 1222 2601 21,
1238 2563 1291 2601 52,
1309 2563 1359 2594 11.

1292 2620 1329 2651 11

1626 489 1644 521 2

1628 603 1646 635 3
