1795 2844
70 121 96 140 a..
115 112 182 140 Chr.
203 120 232 139 u.
256 112 312 139 103.

554 99 679 133 LIBER
698 99 841 132 XXXIII.
892 99 985 133 CAP.
1012 103 1043 133 7.
1058 102 1087 134 8.
1463 95 1515 134 13

72 219 379 260 detruderentur
401 217 506 269 fuga,
535 217 747 270 plurimum
770 217 809 255 in
834 215 982 255 Aetolis
1005 217 1204 269 equitibus
1226 216 1409 269 praesidii
1432 216 1517 256 fuit.

72 277 107 317 is
136 276 254 328 longe
286 282 372 315 tum
403 275 576 328 optimus
608 287 728 326 eques
750 274 789 313 in
813 272 972 321 Graecia
997 282 1097 322 erat;
1122 276 1252 328 pedite
1273 274 1377 313 inter
1398 275 1518 313 finiti-

73 346 161 375 mos
181 332 451 373 vincebantur.

188 390 348 430 Laetior
376 403 440 429 res
469 401 585 442 quam
617 401 688 441 pro
719 401 905 428 successu
934 402 1092 441 pugnae
1116 390 1316 436 nuntiata,
1345 400 1433 428 cum
1457 388 1521 428 alii
1551 392 1575 428 8

75 461 196 502 super
215 448 313 488 alios
342 453 592 487 recurrentes
613 459 658 485 ex
680 446 833 499 proelio
865 445 1079 486 clamarent
1100 447 1237 498 fugere
1259 447 1421 499 pavidos
1441 445 1520 485 Ro·

75 518 233 554 manos,
262 505 428 545 invitum
449 511 485 544 et
515 503 839 544 cunctabundum
861 510 899 543 et
927 504 1124 543 dicentem
1149 518 1171 542 a<
1197 518 1219 542 *
1249 511 1396 543 temere
1426 504 1526 552 fieri,
1557 510 1575 543 2

79 576 159 604 non
182 563 314 603 locum
337 562 410 602 sibi
428 561 596 615 placere,
620 574 702 601 non
725 568 895 614 tempus,
918 561 1104 614 perpulit,
1127 568 1170 600 ut
1187 561 1372 601 educeret
1387 573 1525 601 omnes

78 622 213 674 copias
234 621 273 660 in
297 620 433 660 aciem.
465 620 566 658 idem
585 626 622 658 et
638 618 855 666 Romanus,
877 618 1001 670 magis
1024 618 1257 658 necessitate
1274 631 1391 671 quam
1414 631 1526 658 occa·
1557 625 1575 657 3

79 679 191 719 sione
221 689 378 730 pugnae
409 677 614 725 inductus,
646 677 751 716 fecit.

807 677 988 716 dextrum
1025 688 1151 715 cornu
1189 676 1408 729 elephantis
1437 683 1527 716 ante

80 736 190 787 signa
213 734 416 775 instructis
437 734 478 773 in
511 734 696 773 subsidiis
715 734 896 786 reliquit3
930 734 1038 774 laevo
1061 746 1150 773 cum
1174 734 1282 772 omni
1304 733 1377 773 levi
1399 746 1526 773 arma-

80 800 167 833 tura
188 792 230 832 in
252 793 405 832 hostem
427 791 552 839 vadit,
581 792 697 831 simul
718 792 938 831 admonens
968 804 1056 830 cum
1088 790 1226 830 iisdem
1249 790 1531 832 Macedonibus
1560 799 1579 831 4

81 857 342 904 pugnaturos,
365 861 466 902 quos
486 850 533 888 ad
556 849 667 901 Epiri
688 849 834 897 fauces,
856 849 1060 888 montibus
1081 848 1393 900 fluminibusque
1414 861 1528 901 saep·

80 914 166 955 tos,
195 907 294 947 victa
327 907 493 947 naturali
524 907 754 946 difficultate
785 907 964 946 locorum
996 906 1239 959 expulissent
1268 906 1431 958 acieque
1464 919 1529 945 ex·

82 970 350 1018 pugnassent,
379 977 468 1003 cum
491 964 557 1013 iis,
590 977 690 1016 quos
711 963 754 1003 P.
777 963 941 1017 Sulpicii
965 963 1077 1016 prius
1098 963 1218 1003 ductu
1243 963 1469 1003 obsidentes
1490 964 1530 1003 in
1563 972 1575 998 .-

80 1022 299 1062 Eordaeam
322 1021 471 1061 aditum
501 1021 705 1071 vicissent;
739 1022 841 1061 fama
863 1021 1038 1068 stetisse,
1068 1034 1148 1061 non
1179 1020 1327 1060 viribus
1349 1021 1530 1061 Macedo·

84 1080 172 1120 niae
202 1091 395 1131 regnum3
427 1091 511 1119 eam
542 1092 702 1132 quoque
724 1080 865 1119 famam
894 1079 1053 1118 tandem
1085 1078 1304 1118 evanuisse.
1344 1079 1421 1118 iam
1443 1092 1533 1132 per-

83 1144 246 1177 ventum
269 1137 314 1176 ad
348 1149 442 1176 suos
464 1137 504 1176 in
536 1137 614 1176 ima
636 1137 733 1176 valle
755 1142 902 1176 stantes
924 1143 1026 1183 erat,
1051 1136 1117 1188 qui
1138 1137 1305 1175 adventu
1340 1138 1536 1176 exercitus

84 1195 416 1247 imperatorisque
447 1206 622 1246 pugnam
652 1201 845 1233 renovant
867 1194 1098 1246 impetuque
1128 1193 1230 1233 facto
1259 1206 1398 1234 rursus
1426 1206 1535 1234 aver-

85 1258 176 1291 tunt
196 1253 365 1293 hostem.
407 1251 615 1304 Philippus
645 1264 734 1290 cum
766 1252 946 1291 caetratis
969 1257 1007 1290 et
1038 1263 1163 1290 cornu
1184 1251 1320 1290 dextro
1343 1251 1536 1304 peditum,

88 1340 242 1386 ψασθαι
278 1351 361 1374 τους
404 1338 595 1384 πολεμίοις
635 1338 777 1382 ὁλοσχε-

89 1387 173 1432 ρῶς.
192 1387 382 1430 —pedz'teJ
401 1397 427 1419 s.
446 1397 486 1420 zu
507 1389 560 1423 26,
579 1390 610 1423 -1,
626 1389 663 1425 3;
683 1386 775 1420 Pola

90 1430 257 1467 Αἰτωλοὶ
281 1457 289 1465 .
313 1459 320 1467 .
342 1435 382 1464 ὲν
406 1434 481 1464 τοῖς
505 1433 664 1473 πεζικοῖς
687 1430 777 1465 §m-

93 1481 172 1514 πεῒς
196 1479 267 1512 εἰσι
291 1480 352 1511 καὶ
375 1478 430 1520 ’τῷ
450 1476 701 1521 καθοπλισαῷ
718 1481 778 1511 καὶ

91 1525 139 1578 τῇ
162 1523 331 1564 συντάξει
354 1522 445 1568 πρὸς
474 1522 559 1557 τοὺς
582 1522 781 1569 ὁλοσχερεῖς

93 1566 250 1618 ἀγῶνας.
276 1590 322 1594 —
345 1572 442 1602 inter
465 1570 640 1610 finitzmos
664 1573 781 1603 vinee-

95 1618 238 1657 banlur]
263 1616 400 1649 {ihnlich
419 1616 486 1648 xiie
505 1616 573 1649 Cic
593 1616 646 1649 Or.
665 1620 701 1651 6:
728 1619 782 1649 in-

96 1667 150 1696 ter·
175 1673 296 1696 omnes
319 1673 413 1694 unus
431 1660 634 1699 eoecellat:
640 1664 685 1695 im
703 1662 783 1695 Um-

98 1709 191 1742 kreis
215 1708 306 1741 ihrer
329 1704 540 1747 Nachbarn'‚
575 1708 649 1741 dem
679 1708 783 1741 Sinne

95 1755 184 1789 nach
213 1771 258 1783 =
282 1754 436 1796 weniger
469 1754 604 1796 tuchtig
637 1754 687 1787 als
712 1755 784 1787 ihre

96 1800 297 1838 Nachbarm
332 1809 359 1834 s,
393 1799 616 1832 Brandstater
641 1802 717 1834 263.

144 1846 177 1881 S.
198 1848 228 1879 1.
247 1856 327 1878 cnm
341 1871 349 1878 .
365 1871 372 1878 .
387 1846 598 1887 clamarent]
617 1856 642 1878 s.
661 1847 713 1886 28,
732 1848 785 1885 23,

99 1894 136 1930 2;
162 1891 331 1935 Polybios
357 1891 450 1924 ffihrt
475 1890 529 1924 die
547 1892 786 1934 Ausserungen

101 1938 136 1971 in
162 1937 277 1970 Oratio
302 1941 393 1970 recta
420 1947 481 1975 an;
508 1937 636 1970 ebenso
656 1939 676 1980 ξ
696 1941 727 1971 4.

146 1985 177 2016 2.
192 1983 367 2016 dicentem
378 1997 394 2013 ιι
406 1984 437 2023 ι]
448 1983 480 2015 in
497 1982 676 2016 derLsicke
686 1982 787 2016 stand

100 2029 203 2062 wohl·
206 2039 343 2071 regem:
359 2029 433 2063 Pol.
443 2041 449 2060 :
470 2023 566 2061 ω’στε
579 2027 646 2062 τὸν
657 2027 787 2063 Φίλιπ-

102 2087 185 2115 πον,
203 2078 336 2127 καίπερ
352 2087 417 2107 ουκ
434 2071 700 2118 εὐδοκούμενον
716 2077 791 2108 τοῖς

101 2119 241 2162 ’τόποις
254 2131 355 2164 opttus
369 2120 595 2162 ἐπικληθῆναι
615 2120 705 2165 πρὸς
721 2119 788 2154 τὸν

102 2163 297 2199 κίνδυνον.
335 2163 444 2200 ,τότε
469 2163 509 2199 δὲ
537 2167 789 2221 παρορμηθεὶς

103 2209 164 2245 διὰ
177 2224 246 2254 τνν
258 2208 467 2256 υπερβολην
480 2213 542 2254 τῆς
561 2198 640 2246 223⁸).
643 2216 791 2247 πιστίας

103 2258 186 2291 τῶν
199 2255 456 2312 ἀγγελλόντων
465 2255 583 2292 ἕλκειν
577 2257 792 2313 παρήγγει-

104 2301 201 2349 ysaie
222 2302 292 2346 τὴν
319 2300 478 2347 δύναμιν
494 2305 533 2337 ἐκ
549 2304 613 2345 τῆς
629 2302 793 2350 χάρακος.

152 2351 184 2383 3.
207 2352 326 2392 magis
348 2375 356 2383 .
378 2377 386 2383 .
410 2350 592 2391 inductus]
627 2335 715 2394 Poly
720 2351 794 2383 bios

106 2398 183 2437 sagt
198 2406 268 2429 von
287 2395 442 2439 Philipp·
466 2392 713 2452 ἠναγκάζετο
711 2400 793 2438 Βοη-

107 2439 195 2473 θἐἶν
227 2444 288 2473 καὶ
320 2443 458 2486 κρίνειν
489 2442 528 2474 ἐκ
559 2443 625 2475 τοῦ
666 2442 792 2487 καιροῦ

108 2483 155 2517 τὰ
178 2481 262 2526 {itm
289 2473 379 2520 dann
398 2487 480 2530 geht
499 2488 552 2520 bei
571 2488 641 2521 ihm
659 2488 713 2522 die
730 2489 794 2520 Er-

109 2531 284 2574 mahnung
300 2543 363 2566 vor
380 2533 439 2566 der
455 2532 659 2577 Verteilung
675 2545 697 2565 x
701 2544 793 2574 oran,

110 2575 165 2609 die
190 2577 246 2610 bei
263 2577 335 2612 Liv.
359 2579 419 2612 der
442 2579 560 2612 rechte
577 2579 710 2623 Fliigel,
736 2579 794 2612 der

847 1340 1097 1382 zuriickbleibt,
1107 1340 1201 1373 nicht
1211 1341 1316 1374 hosen
1333 1341 1433 1374 kann.
1445 1344 1537 1374 —in

848 1387 1029 1427 subsidiis]
1039 1383 1104 1420 ‘als
1115 1383 1295 1425 Reserve';
1307 1387 1537 1420 wahrschein-

848 1433 915 1465 lich
932 1432 1030 1465 stand
1047 1432 1366 1476 aufjedemfltigel
1388 1434 1463 1466 eine
1478 1433 1539 1466 Le-

850 1479 929 1521 gion
945 1478 1014 1511 und
1033 1479 1108 1511 eine
1126 1478 1188 1511 Ala
1209 1479 1399 1517 sociorum
1419 1479 1473 1512 die
1493 1480 1538 1511 le-

851 1527 902 1556 vis
924 1528 1112 1557 armatura
1136 1524 1211 1557 siud
1238 1525 1291 1558 die
1311 1524 1446 1558 Veliten
1470 1525 1538 1558 und

851 1570 905 1604 die
926 1570 1079 1603 sremden
1100 1570 1346 1614 Hiilfstruppen
1370 1571 1452 1604 oder
1477 1581 1540 1604 nur

853 1617 907 1649 die
925 1616 1103 1650 letzteren.
1114 1635 1158 1640 -
1170 1617 1283 1657 vadit]
1298 1627 1324 1650 s.
1339 1620 1427 1653 2114,
1443 1619 1539 1652 354.

900 1665 930 1695 4.
957 1663 1066 1705 Epir-i
1089 1662 1226 1702 fauces]
1252 1673 1279 1695 s.
1305 1665 1359 1704 32,
1386 1667 1416 1698 5,
1444 1667 1474 1697 9.
1496 1683 1539 1686 -

855 1710 963 1748 victa]
990 1719 1056 1741 von
1085 1709 1372 1752 unpersonlichen
1392 1709 1539 1752 Dingenz

856 1754 924 1796 vgl.
952 1753 1031 1786 Tac.
1051 1756 1129 1797 Agr.
1150 1756 1208 1788 25:
1236 1757 1350 1787 victus
1370 1756 1542 1788 Oceanus.

892 1802 969 1833 5.·1·n
982 1800 1205 1832 Eordaeam*
1219 1801 1368 1841 aditum]
1380 1812 1407 1834 s.
1424 1803 1478 1838 31,
1489 1803 1542 1841 39,

858 1848 888 1879 7.
899 1847 954 1887 40,
971 1850 997 1879 t.
1011 1866 1050 1869 —
1062 1846 1162 1884 fama
1175 1848 1327 1879 stetisse.
1340 1846 1361 1890 .]
1374 1847 1453 1879 weil
1466 1857 1543 1880 man

857 1892 951 1924 seine
980 1892 1111 1933 jetzige
1138 1891 1327 1925 Schw'ache
1363 1893 1455 1925 nicht
1487 1903 1544 1935 ge-

858 1937 976 1976 kannt,
988 1948 1023 1970 es
1034 1938 1120 1970 nach
1135 1938 1413 1971 seinersri'iheren
1426 1938 1544 1972 Grbsse

859 1983 1034 2026 geschatzt
1050 1983 1155 2021 habe;
1179 1994 1256 2017 zum
1276 1983 1460 2018 Gedanken
1475 1984 1545 2027 vgl.

859 2031 913 2067 28,
924 2031 978 2069 44,
989 2031 1023 2067 3;
1042 2030 1127 2062 iiber
1141 2033 1277 2062 stetisse
1297 2041 1323 2064 S.
1338 2034 1369 2067 4,
1391 2033 1421 2068 3,
1438 2034 1454 2063 ἵ
1469 2045 1474 2063 :
1492 2033 1545 2066 23,

857 2077 913 2117 48,
928 2076 958 2108 9.
967 2095 1010 2098 —
1019 2075 1155 2115 famam
1166 2102 1173 2109 .
1183 2101 1190 2109 .
1201 2079 1397 2117 evanuisse]
1409 2077 1466 2109 hat
1476 2077 1546 2111 Liv.

863 2122 1112 2164 hinzugesetzt,
1127 2121 1294 2165 Polybios
1309 2123 1366 2155 hat
1380 2123 1478 2155 datur
1493 2122 1547 2155 die

860 2167 1113 2210 Aufl'orderung
1132 2169 1242 2211 tapt'er
1259 2179 1301 2200 zu
1328 2168 1501 2212 kampsen.

910 2215 944 2247 6.
961 2215 1055 2254 snos]
1075 2214 1155 2247 weil
1173 2215 1227 2247 bei
1241 2219 1453 2256 perventum
1473 2218 1551 2247 erat

863 2269 906 2292 an
925 2258 1105 2297 Quinctius
1123 2260 1193 2292 und
1218 2260 1312 2293 seine
1330 2259 1491 2303 Truppen
1508 2271 1549 2293 zu

865 2305 1000 2338 denken
1031 2305 1076 2338 ist
1106 2308 1380 2347 (pervenerant).
1406 2326 1450 2330 —
1476 2308 1549 2339 ima

868 2351 971 2394 valle]
1007 2351 1055 2384 sie
1090 2351 1166 2384 sind
1198 2351 1270 2384 also
1306 2352 1394 2384 noch
1431 2352 1552 2385 weiter

867 2396 1159 2440 herabgedrangt:
1186 2407 1212 2430 s.
1253 2399 1334 2431 .12;
1353 2396 1443 2431 Ρο].;
1471 2400 1551 2431 Βία-

863 2422 1026 2475 κεδόνων
1040 2443 1100 2474 ἐπὶ
1105 2423 1206 2476 πολὺ
1220 2440 1460 2487 τεθλιφότων
1469 2442 1552 2476 τούς

862 2484 1055 2530 Ρωμαιθυς
1067 2490 1127 2520 ἐπὶ
1142 2484 1287 2534 &assoon
1299 2501 1388 2533 [ιεθη
1403 2502 1482 2522 T0)‘V
1496 2488 1552 2522 70-

865 2545 958 2577 φων.
966 2536 1104 2576 —qui.
1120 2521 1365 2574 ,renovariqs
1382 2537 1435 2571 21.
1451 2538 1504 2575 29,
1519 2539 1550 2570 6.

911 2581 942 2611 7.
969 2580 1156 2622 caetrata]
1171 2590 1197 2613 s.
1214 2583 1246 2617 4,
1261 2582 1292 2613 4.
1317 2600 1362 2604 -
1388 2592 1450 2614 007
1455 2592 1504 2614 nu
1520 2608 1526 2615 .
1541 2607 1550 2615 .
