1795 2844
148 113 174 132 a.
194 105 244 132 eh.
263 112 292 132 n.
313 105 371 132 194.
563 93 686 127 LIBER
712 92 872 127 Xxxllll.
922 92 1015 127 CAP.
1044 96 1097 127 50.
1124 95 1178 128 51.
1514 91 1594 131 165

149 217 230 250 erat
250 209 354 249 bello
376 209 527 250 Punico
550 217 769 263 captorum,
792 221 893 262 quos
918 209 1126 257 Hannibal,
1150 221 1238 248 cum
1261 208 1308 249 ab
1326 209 1408 249 suis
1430 221 1510 249 non
1534 222 1596 249 re-

149 267 419 315 dimerentur,
456 280 600 307 venum
630 268 800 307 dederat.
851 267 1117 306 multitudinis
1150 278 1287 306 eorum
1317 273 1598 318 argumentum

152 331 223 373 est,
258 325 363 377 quod
385 325 576 377 Polybius
597 324 736 364 scribit
757 331 917 364 centum
935 324 1095 364 talentis
1117 337 1201 364 eam
1224 337 1306 364 rem
1328 324 1494 364 Achaeis
1516 331 1597 364 ste-

149 382 256 430 tisse,
279 393 369 422 cum
386 383 610 435 quingenos
627 381 810 422 denarios
826 381 997 434 pretium
1020 382 1061 421 in
1080 382 1220 434 capita,
1244 382 1349 434 quod
1366 381 1596 421 redderetur

149 439 332 487 dominis,
367 440 608 479 statuissent.
649 438 758 478 mille
780 439 886 478 enim
908 439 1101 479 ducentos
1123 452 1166 478 ea
1188 439 1341 478 ratione
1362 439 1505 478 Achaia
1526 440 1596 479 ha-

148 496 246 537 buit.
298 496 407 537 adice
430 510 537 537 nunc
565 509 638 550 pro
660 496 859 549 portione,
891 504 988 549 quot
1008 496 1218 536 verisimile
1240 497 1290 536 sit
1311 496 1514 536 Graeciam
1536 503 1599 536 to-

148 562 226 594 tam
247 554 444 594 habuisse.

263 611 449 651 Nondum
480 618 699 651 conventus
730 610 915 650 dimissus
945 617 1050 659 erat,
1081 623 1171 650 cum
1201 610 1419 663 respiciunt
1450 611 1600 663 praesi-

148 669 256 709 dium
278 668 326 708 ab
343 669 632 709 Acrocorintho
655 668 900 708 descendens
921 669 1104 721 protinus
1126 668 1216 707 duci
1240 668 1286 707 ad
1303 676 1457 720 portam
1480 674 1599 720 atque

149 726 269 766 abire.
304 739 473 778 quorum
497 738 637 778 agmen
655 726 871 778 imperator
892 733 1055 765 secutus
1076 725 1410 778 prosequentibus
1427 726 1598 774 cunctis,

148 790 386 824 servatorem
418 783 752 835 liberatoremque
780 782 1109 830 acclamantibus,
1141 782 1317 822 salutatis
1347 782 1598 835 dimissisque

148 841 196 880 iis
224 841 378 886 eadem,
412 853 488 893 qua
518 847 700 888 venerat,
730 840 788 880 via
810 840 976 880 Elatiam
1006 840 1133 879 rediit.
1186 840 1278 879 inde
1300 852 1389 879 cum
1413 840 1600 880 omnibus

148 898 274 951 copiis
295 899 368 951 Ap.
387 897 593 938 Claudium
614 898 787 949 legatum
809 898 980 937 dimittit.
1017 910 1089 950 per
1106 897 1347 937 Thessaliam
1369 905 1486 949 atque
1503 897 1599 950 Epi-

145 968 236 995 rum
257 955 403 995 ducere
425 955 587 995 Oricum
610 955 720 995 iubet
740 962 858 1008 atque
879 967 920 994 se
942 954 996 994 ibi
1019 955 1217 1007 opperiri3
1252 955 1344 994 inde
1365 966 1537 1007 namque
1559 955 1600 994 in

147 1013 280 1053 animo
305 1025 391 1052 esse
421 1013 636 1052 exercitum
659 1013 700 1052 in
723 1012 873 1052 Italiam
906 1012 1084 1052 traicere.
1138 1018 1177 1051 et
1199 1012 1242 1051 L.
1266 1011 1450 1058 Quinctio
1474 1012 1598 1060 fratri,

147 1070 278 1122 legato
300 1076 340 1110 et
359 1071 558 1122 praefecto
581 1070 729 1117 classis,
752 1069 901 1117 scribit,
924 1076 968 1109 ut
989 1069 1192 1109 onerarias
1214 1082 1258 1108 ex
1282 1070 1391 1108 omni
1413 1069 1600 1109 Graeciae

148 1140 216 1167 ora
238 1127 376 1167 eodem
398 1128 661 1167 contraheret.
711 1127 797 1180 ipse
819 1126 1042 1166 Chalcidem
1066 1127 1286 1179 profectus,
1316 1127 1495 1166 deductis
1517 1139 1598 1167 non
1625 1130 1640 1147 ³

147 1198 169 1225 a
185 1184 370 1224 Chalcide
391 1185 519 1224 solum
541 1185 609 1224 sed
632 1185 747 1224 etiam
769 1184 817 1224 ab
834 1184 938 1224 Oreo
956 1191 1075 1237 atque
1093 1184 1244 1224 Eretria
1261 1184 1481 1236 praesidiiS,
1504 1197 1602 1224 con-

147 1249 308 1282 ventum
331 1241 385 1281 ibi
407 1241 675 1282 Euboicarum
712 1241 850 1281 habuit
872 1241 1086 1281 civitatium
1119 1242 1435 1294 admonitosque,
1458 1242 1496 1281 in
1522 1253 1600 1294 quo

147 1307 251 1339 statu
273 1312 406 1339 rerum
428 1300 648 1352 accepisset
669 1311 737 1338 eos
760 1305 798 1338 et
818 1299 859 1338 in
883 1311 961 1351 quo
984 1299 1241 1351 relinqueret,
1263 1299 1420 1338 dimisit.
1458 1299 1600 1338 Deme-

147 1357 314 1396 triadem
336 1357 428 1396 inde
449 1357 733 1410 proficiscitur;
765 1356 1015 1408 deductoque
1038 1356 1234 1409 praesidio
1266 1357 1603 1409 prosequentibus

146 1469 217 1503 lust
241 1479 284 1502 an
299 1468 486 1502 Menschen
512 1470 546 1502 in
566 1468 686 1502 Italien
714 1479 840 1502 ermes-

146 1525 218 1549 sen.
244 1534 289 1538 —
320 1526 392 1548 non
424 1515 704 1555 redimerentur]
731 1525 756 1548 s.
784 1516 838 1556 22,

146 1562 201 1601 58,
218 1562 251 1595 4.
277 1562 332 1602 61,
351 1563 382 1594 3.

192 1608 224 1641 6.
251 1606 393 1649 est]*—
413 1610 556 1640 centum
572 1607 729 1647 talentis]
750 1606 839 1640 nach

147 1652 224 1686 dem
241 1651 441 1696 Folgenden
469 1653 615 1686 attische
633 1651 777 1686 Talente
795 1663 838 1685 zu

146 1700 236 1732 6000
261 1697 469 1740 Drachmen,
505 1698 560 1732 die
584 1698 668 1739 Liv.,
695 1698 762 1731 wie
788 1697 839 1731 oft

146 1743 202 1777 die
226 1744 454 1778 lateinischen
480 1743 738 1784 Schriststeller‚
769 1743 835 1777 den

146 1789 303 1823 Denaren
333 1789 561 1833 gleichstellt,
594 1789 754 1832 obgleich
780 1790 835 1822 ein

145 1834 374 1869 Unterschied
399 1836 574 1869 zwischen
599 1835 724 1869 beiden
748 1846 835 1874 war;

147 1891 174 1915 s.
201 1883 256 1924 52,
275 1883 311 1920 6;
337 1881 481 1915 Hultsch
505 1880 604 1915 Metr.
627 1883 701 1915 185.
726 1900 771 1904 —
797 1892 837 1913 ea

146 1927 325 1968 ratione*]
351 1927 440 1961 nach
465 1927 577 1960 dieser
600 1926 838 1970 Berechnung.

146 1992 190 1997 —
201 1972 300 2005 mille
314 1976 348 2005 et
360 1973 542 2013 ducentos]
558 1972 752 2007 Val.Max.:
768 1972 837 2005 duo

148 2018 249 2051 milia
290 2020 421 2051 citium
463 2017 708 2051 Romanorum
733 2045 740 2052 .
767 2043 775 2051 .
802 2021 840 2050 in

151 2063 303 2098 Graecia
330 2089 338 2098 .
365 2091 372 2098 .
398 2066 593 2097 seruientia
631 2066 843 2097 restituerat

150 2109 423 2152 (Flamininus).
447 2129 493 2133 —-
517 2111 672 2150 Achaia]
702 2109 772 2152 vgl.
797 2120 841 2142 zu

148 2157 204 2197 31,
219 2157 274 2197 26,
295 2159 329 2196 1;
349 2155 456 2189 Plut.:
476 2156 516 2189 ἐν
533 2155 579 2202 τῇ
596 2151 750 2196 Ἑλλάδι,
769 2154 842 2189 dies

148 2211 330 2244 ungenau,
372 2211 475 2235 wenn
509 2191 604 2235 nicht
633 2197 756 2234 Ἑλλάς
789 2201 843 2234 fur

147 2246 279 2280 Achaia
306 2250 427 2291 gesagt
451 2247 512 2286 ist;
545 2258 571 2281 s
599 2246 730 2280 Schorn
758 2248 840 2285 2683

147 2291 249 2325 Kuhn
285 2294 317 2334 2,
343 2294 374 2326 2.
425 2292 487 2326 Bei
517 2292 672 2326 Priscian
707 2292 748 2326 de
782 2291 840 2335 fig.

149 2347 242 2371 num.
270 2339 323 2380 12,
337 2337 397 2371 der
410 2338 465 2372 die
480 2337 588 2372 Stelle
605 2339 728 2380 citiert‚
747 2338 841 2371 steht

149 2394 203 2416 am
221 2382 336 2418 Ende:
362 2385 503 2417 Achaia
527 2386 657 2418 habuit
682 2385 843 2427 captivos

148 2429 304 2463 Italicos.

197 2477 229 2508 7.
249 2485 321 2518 pro
344 2477 524 2518 portione]
551 2485 578 2508 s.
605 2478 636 2515 7,
666 2478 694 2515 1,
722 2476 752 2508 8.

197 2521 228 2554 8.
254 2522 466 2563 respiciunt]
493 2521 584 2554 heim
601 2520 775 2554 Umsehen
793 2529 844 2553 er·

148 2565 290 2600 blicken
315 2566 375 2600 sie.
401 2584 447 2590 —
471 2566 773 2607 Acrocor2·ntlzo]*

957 1471 988 1502 9.
1020 1471 1320 1511 prosequentibus
1339 1494 1347 1502 .
1370 1471 1391 1510 .]
1425 1469 1510 1502 fiber
1546 1468 1601 1502 die

909 1514 1069 1557 Hausung
1093 1514 1152 1547 der
1168 1514 1330 1548 Ablative
1349 1525 1375 1549 s,
1395 1517 1426 1555 8,
1444 1517 1465 1549 4
1480 1515 1518 1554 s.;
1546 1517 1601 1555 31,

912 1563 964 1601 10,
984 1563 1020 1600 3;
1048 1561 1101 1601 32,
1120 1562 1175 1602 26,
1199 1562 1256 1600 12;
1283 1560 1367 1594 fiber
1393 1561 1446 1594 die
1466 1560 1601 1594 Gleich-

909 1606 982 1640 heit
1007 1605 1066 1640 der
1083 1605 1259 1640 Personen
1284 1607 1319 1639 in
1345 1606 1411 1640 den
1428 1607 1602 1640 verschie-

910 1652 1021 1686 denen
1046 1652 1124 1685 Abl.
1151 1652 1224 1687 abs.
1250 1662 1277 1686 S.
1304 1654 1359 1694 27,
1379 1655 1410 1695 5,
1429 1655 1467 1693 6;
1495 1654 1549 1695 31,
1568 1653 1601 1695 2,

911 1700 947 1738 6;
974 1701 1036 1739 44,
1054 1699 1086 1739 2,
1105 1701 1123 1731 5
1150 1709 1185 1731 u.
1204 1708 1234 1731 a.

956 1746 1007 1777 10.
1027 1744 1184 1784 Oricum]
1199 1754 1225 1777 s.
1250 1745 1304 1787 24,
1313 1743 1604 1786 40,3ff.-—Iega-

909 1793 942 1822 to
961 1792 996 1822 et
1010 1789 1196 1832 praefecto
1214 1816 1222 1824 .
1238 1792 1259 1830 .]
1283 1790 1333 1823 als
1351 1790 1458 1833 Legat
1477 1800 1548 1823 war
1566 1799 1603 1823 er

907 1835 1079 1873 Admirah
1099 1845 1125 1868 s.
1146 1837 1200 1877 32,
1217 1837 1270 1877 16,
1285 1837 1317 1870 2.
1343 1855 1386 1859 —
1414 1847 1459 1868 ex
1473 1860 1480 1868 .
1496 1860 1504 1868 .
1521 1835 1601 1878 ora]

910 1882 975 1914 wie
996 1882 1050 1921 36,
1069 1883 1104 1920 3;
1125 1881 1193 1924 vgl.
1214 1883 1248 1924 8,
1263 1884 1300 1920 5;
1321 1883 1376 1924 38,
1393 1884 1448 1921 40,
1469 1883 1487 1915 3
1506 1893 1537 1916 u.
1554 1891 1601 1921 a.;

910 1926 1066 1970 dagegen
1100 1928 1155 1968 29,
1182 1928 1238 1969 24,
1264 1929 1301 1961 8;
1334 1929 1469 1960 circum
1501 1937 1603 1960 oram

910 1974 1143 2005 maritimam.

958 2019 1016 2054 51.
1036 2020 1065 2052 1.
1094 2019 1182 2050 Oreo
1202 2021 1309 2060 atque
1326 2018 1486 2060 Eretritz]
1506 2028 1531 2051 s.
1547 2020 1602 2061 33,

913 2066 966 2105 31,
982 2066 1012 2098 3.
1026 2083 1070 2088 -
1085 2066 1310 2105 conventum]
1329 2065 1404 2097 eine
1419 2064 1602 2098 bleibende

911 2109 1136 2152 Verbindung
1162 2109 1221 2143 der
1247 2110 1457 2143 euboischen
1483 2109 1602 2143 Stadte

911 2152 1075 2197 (κοινόν),
1101 2155 1168 2189 wie
1193 2155 1243 2189 sie
1269 2156 1386 2198 sp'ater
1410 2155 1603 2189 bestanden

912 2212 954 2235 zu
978 2201 1091 2235 haben
1117 2201 1262 2243 scheint,
1288 2202 1343 2243 ist,
1369 2201 1528 2244 obgleich
1547 2202 1603 2243 33,

914 2249 969 2289 32,
984 2251 1003 2281 5
1022 2246 1141 2280 Euboa
1159 2247 1349 2280 besonders
1363 2250 1515 2290 genannt
1532 2246 1603 2280 und

912 2292 1052 2326 Chalkis
1095 2293 1146 2326 als
1189 2292 1358 2336 Hauptort
1400 2292 1603 2325 bezeichnet

912 2338 998 2371 wird
1031 2340 1069 2379 (s.
1097 2340 1151 2380 35,
1177 2340 1232 2379 51,
1260 2340 1337 2379 10),
1369 2338 1463 2371 wohl
1497 2337 1604 2372 damit

912 2384 1007 2417 nicht
1025 2383 1191 2426 gemeint;
1219 2394 1246 2418 s.
1269 2382 1456 2426 Hertzberg
1477 2386 1505 2425 1,
1526 2385 1602 2417 108.

956 2431 986 2462 2.
996 2429 1351 2471 admonitosqzze]*—
1362 2431 1400 2461 in
1411 2440 1481 2471 quo
1490 2428 1603 2473 statu]

913 2474 1016 2509 n'aml.
1031 2485 1100 2508 von
1114 2473 1252 2517 Philipp
1274 2474 1514 2515 unterdrsxckt3
1532 2475 1603 2518 vgl.

909 2520 1037 2562 jedoch
1064 2521 1119 2562 31,
1137 2522 1190 2560 23,
1210 2522 1242 2554 2,

960 2568 991 2600 4.
1019 2567 1374 2609 prosequentibus..]
1401 2566 1470 2610 vgl.
1498 2568 1551 2609 50,
1570 2568 1603 2606 8.

1629 275 1648 306 6

1631 846 1669 878 10

1632 960 1669 992 11

1631 1247 1651 1393 ΙρΟ-Ἰὺ
