1747 2828
187 89 266 128 142
610 88 734 122 LIBER
759 88 918 122 XXXIIll.
967 88 1061 123 CAP.
1088 90 1141 123 32.
1168 91 1222 123 33.

1426 108 1453 129 a.
1472 109 1500 128 u.
1519 109 1544 129 ο.
1565 102 1624 130 559.

182 213 297 246 tatem
321 205 446 245 solum
471 205 560 252 sed,
589 204 619 243 si
642 204 715 243 diis
737 203 886 267 placet,
915 204 1156 244 adfinitatem
1179 203 1296 243 etiam
1317 217 1389 258 per
1409 205 1628 255 Philoclen,

116 273 153 306 18
183 264 422 316 praefectum
442 263 538 308 eius,
560 261 745 313 pepigisti
769 267 806 300 et
826 269 869 301 ut
891 261 1038 301 bellum
1060 262 1245 300 adversus
1266 274 1340 301 nos
1361 274 1505 312 gerens
1519 275 1627 304 mare

183 320 284 360 circa
307 319 472 359 Maleum
504 318 692 357 infestum
727 318 891 357 navibus
921 319 1095 382 piraticis
1118 318 1243 358 fecisti
1266 325 1305 358 et
1336 319 1471 371 plures
1500 333 1627 373 prope

114 386 152 419 19
184 378 286 417 cives
306 376 505 415 Romanos
527 386 644 427 quam
666 369 874 427 Philippus
897 376 1034 439 cepisti
1056 382 1174 427 atque
1196 375 1394 426 occidisti,
1424 377 1627 430 tutiorque

183 433 430 473 Macedoniae
453 444 519 471 ora
542 444 658 484 quam
683 433 1005 484 promunturium
1025 432 1172 471 Maleae
1189 439 1432 472 commeatus
1451 434 1498 473 ad
1516 446 1627 474 exer-

114 500 152 533 20
182 492 283 530 citus
305 496 460 530 nostros
482 489 731 541 portantibus
753 489 916 529 navibus
937 490 1022 529 fuit.
1066 489 1233 542 proinde
1255 502 1386 542 parce,
1414 490 1480 539 sis,
1509 491 1625 530 fidem

183 560 227 587 ac
256 548 339 586 iura
370 546 565 586 societatis
595 546 738 586 iactare
768 553 803 586 et
827 547 968 586 omissa
1006 546 1187 599 populari
1219 547 1398 586 oratione
1427 553 1627 600 tamquam

115 608 163 645 33
186 611 375 656 tyrannus
397 609 435 641 et
465 603 589 642 hostis
609 597 798 655 loquere.³
852 603 924 643 sub
951 604 1049 643 haee
1071 604 1302 643 Aristaenus
1334 616 1443 643 nunc
1463 616 1628 645 monere

180 661 332 707 Nabim
356 673 464 699 nunc
485 660 600 699 etiam
619 672 743 708 orare,
765 667 822 709 ut,
847 661 938 700 dum
958 661 1106 709 liceret,
1130 661 1223 700 dum
1243 661 1397 701 occasio
1414 668 1529 710 esset,
1551 662 1626 701 sihi

132 726 150 758 2
179 730 225 757 ac
246 718 418 757 fortunis
446 717 528 756 suis
550 717 794 766 consuleret;
825 719 974 757 referre
1004 717 1145 757 deinde
1176 718 1408 758 nominatim
1437 724 1627 771 tyrannos

182 775 393 814 civitatium
416 774 671 814 finitimarum
694 775 849 827 coepit,
881 775 947 827 qui
971 775 1151 827 deposito
1173 775 1341 827 imperio
1363 776 1627 828 restitutaque

180 832 358 872 libertate
391 832 473 871 suis
499 844 579 870 non
611 838 733 871 tutam
756 833 873 871 modo
906 832 972 871 sed
1004 832 1118 871 etiam
1153 832 1385 871 honoratam
1408 833 1512 873 inter
1532 833 1628 873 civis

132 896 151 928 3
182 896 424 929 senectutem
454 888 641 939 egissent.
690 889 751 928 his
782 889 897 929 dictis
919 889 958 928 in
991 889 1115 928 vicem
1146 889 1367 942 auditisque
1390 901 1469 929 nox
1499 902 1627 943 prope

182 946 340 986 diremit
363 946 617 998 colloquium.
670 953 829 998 postero
852 947 914 985 die
935 945 1055 985 Nabis
1075 946 1191 997 Argis
1213 958 1254 985 se
1276 947 1416 986 cedere
1437 959 1482 986 ac
1503 947 1626 986 dedu-

182 1016 269 1043 cere
292 1003 546 1056 praesidium,
571 1004 727 1055 quando
746 1003 795 1042 ita
813 1003 1002 1042 Romanis
1019 1003 1206 1055 placeret,
1229 1009 1265 1042 et
1282 1004 1458 1056 captivos
1479 1010 1517 1043 et
1533 1017 1626 1057 per-

130 1067 149 1099 4
179 1061 290 1112 fugas
317 1061 559 1099 redditurum
592 1060 706 1108 dixit;
739 1060 842 1099 aliud
874 1060 905 1099 si
937 1060 1030 1112 quid
1062 1059 1329 1112 postularent,
1362 1061 1553 1113 scriptum
1585 1067 1627 1101 ut

130 1124 148 1155 5
179 1118 339 1157 ederent
361 1117 493 1170 petiit,
526 1123 568 1156 ut
589 1117 808 1156 deliberare
829 1129 919 1157 cum
950 1117 1087 1156 amicis
1114 1123 1260 1169 posset.
1311 1117 1363 1156 ita
1385 1123 1424 1157 et
1455 1124 1625 1170 tyranno

182 1181 335 1228 tempus
357 1177 487 1214 datum
510 1175 555 1214 ad
580 1174 884 1214 consultandum
908 1180 979 1222 est,
1002 1180 1040 1213 et
1056 1172 1265 1219 Quinctius
1286 1174 1485 1214 sociorum
1509 1175 1625 1215 etiam

128 1239 147 1270 6
177 1232 425 1284 principibus
445 1231 628 1271 adhibitis
649 1231 785 1271 hahuit
809 1231 1032 1271 consilium.
1070 1231 1262 1271 maximae
1283 1231 1406 1284 partis
1427 1232 1623 1272 sententia

181 1296 260 1328 erat
281 1289 610 1342 perseverandum
635 1289 673 1328 in
702 1288 806 1328 bello
830 1301 914 1328 esse
937 1294 974 1327 et
1002 1287 1221 1328 tollendum
1243 1294 1478 1340 tyrannum3
1508 1301 1625 1329 num-

129 1353 146 1384 7
179 1358 294 1398 quam
317 1346 431 1385 aliter
460 1353 582 1385 tutam
614 1346 834 1385 libertatem
859 1345 1043 1385 Graeciae
1065 1345 1167 1394 fore;
1205 1346 1326 1385 satius
1348 1345 1472 1385 multo
1504 1346 1625 1386 fuisse

129 1409 147 1441 8
179 1415 258 1442 non
282 1404 427 1442 moveri
451 1403 597 1441 bellum
621 1404 805 1442 adversus
827 1415 916 1442 eum
940 1414 1056 1454 quam
1080 1402 1205 1441 omitti
1227 1410 1401 1451 motum;
1435 1409 1473 1442 et
1492 1402 1624 1456 ipsum

177 1460 281 1499 velut
303 1460 557 1512 comprobata
580 1460 851 1499 dominatione
871 1460 1087 1499 firmiorem
1110 1460 1287 1499 futurum
1306 1465 1469 1499 auctore
1489 1460 1627 1500 iniusti

227 1585 277 1618 17.
303 1583 540 1623 adfinitatem]
567 1593 593 1616 S.
610 1585 663 1624 32,
679 1585 738 1623 38,
766 1584 796 1616 3.
822 1602 867 1606 —

176 1629 369 1669 Philoclen]
404 1629 488 1661 tiber
522 1629 576 1661 die
602 1628 747 1671 Endung
773 1639 798 1661 s.
824 1639 866 1661 zu

177 1676 232 1715 24,
258 1677 311 1715 31,
338 1676 368 1707 2.
393 1694 437 1698 —
462 1677 503 1706 ut
527 1674 652 1706 bellum
674 1700 682 1708 .
697 1699 704 1707 .
722 1676 865 1715 gerens]

176 1719 287 1761 gleieh
313 1720 363 1752 als
389 1730 491 1752 wenn
516 1719 561 1752 du
587 1719 743 1752 forntlich
763 1719 865 1762 Krieg

176 1790 199 1798 ..
210 1765 365 1803 siihrtest,
380 1766 481 1799 =als
493 1776 594 1798 unser
604 1765 733 1798 offener
742 1765 863 1805 Feind;

174 1812 218 1843 du
245 1811 322 1844 hast
348 1811 426 1844 dich
453 1811 539 1844 auch
566 1811 670 1844 durch
698 1811 752 1844 die
774 1811 863 1844 That

174 1857 224 1890 als
242 1856 530 1899 Bundesgenosse
545 1856 700 1900 Philipps
716 1858 862 1899 gezeigt.

222 1905 274 1936 18.
300 1902 465 1944 Maleum]
494 1912 521 1935 s.
546 1913 588 1935 zu
615 1905 668 1943 31,
695 1905 751 1944 44,
781 1905 862 1935 t.—

170 1950 349 1989 paulicis]
375 1948 446 1990 vgl.
473 1949 526 1989 36,
547 1950 582 1981 3.
606 1949 861 1990 praedatorii&

223 2006 546 2047 19.tut101que..]
582 2015 607 2038 s.
642 2004 716 2038 Pol.
746 2006 802 2041 13.
830 2007 861 2045 8,

174 2051 209 2083 2:
229 2046 376 2092 (Νάβις)
394 2047 580 2082 ἐκοινώνει
599 2052 725 2083 ..τοῖς
742 2053 861 2096 Κρησὶ

173 2094 252 2127 τῶν
275 2107 367 2127 κατα
394 2093 588 2128 θάλατταν
614 2093 807 2140 λῃστειῶν.

219 2142 272 2174 20.
295 2143 417 2182 parce]
442 2142 504 2174 mit
528 2140 604 2174 dem
631 2131 781 2175 Infinitiv
799 2141 860 2175 fin·

173 2185 230 2218 det
261 2186 332 2219 sich
366 2186 461 2219 mehr
495 2186 549 2218 bei
576 2187 641 2220 den
675 2186 859 2220 Komikern

172 2231 240 2264 und
266 2232 298 2264 in
317 2232 376 2265 der
393 2231 731 2275 Umgangssp1·ache;
758 2233 860 2265 eben-

173 2286 210 2308 so
235 2280 282 2309 sis
308 2279 348 2317 (s.
364 2279 417 2319 23,
433 2279 488 2318 47,
503 2279 536 2317 6)
563 2278 632 2311 und
651 2278 672 2321 ξ
692 2280 750 2311 14;
776 2279 859 2310 nolo

169 2322 344 2363 pluribus.
370 2342 414 2347 —
434 2324 621 2365 populari]
653 2323 704 2356 als
738 2323 781 2356 ob
812 2323 857 2356 du

173 2367 225 2399 ein
259 2367 360 2401 Mann
397 2368 457 2401 des
492 2368 621 2402 Volkes
656 2370 740 2402 seist
773 2370 856 2411 (vgl.

171 2413 190 2452 ξ
216 2413 266 2453 4);
294 2414 326 2446 in
353 2413 470 2457 Bezug
495 2414 555 2447 aus
577 2417 632 2455 31,
660 2417 710 2448 14.
734 2416 773 2448 18
799 2425 858 2457 ge-

172 2463 264 2499 sagt;
291 2458 359 2500 vgl.
386 2462 416 2498 2,
444 2462 474 2501 S,
504 2463 538 2498 1;
564 2462 619 2499 42,
649 2462 700 2501 14,
726 2462 764 2498 9;
799 2460 858 2493 der

172 2502 365 2545 wichtigste
392 2504 505 2538 Grund
538 2504 597 2538 des
623 2504 745 2546 Nabis,
782 2505 857 2539 dass

173 2556 207 2578 er
232 2547 296 2580 fast
324 2549 419 2587 alles,
447 2559 518 2582 was
539 2550 719 2589 Quinctius
738 2551 859 2593 tadelt‚

936 1582 1041 1615 sehon
1058 1581 1184 1624 gethan
1201 1581 1308 1623 hatte,
1326 1581 1378 1615 als
1392 1581 1627 1616 dieserHfilss-

935 1631 1082 1671 truppen
1093 1638 1161 1660 von
1173 1627 1243 1660 ihm
1254 1627 1400 1660 annahm
1415 1630 1456 1670 (s.
1467 1630 1521 1669 31,
1537 1628 1626 1671 8ff.)‚

934 1674 979 1706 ist
1005 1673 1099 1706 nicht
1124 1672 1406 1716 berticksichtigt.

978 1717 1042 1754 33.
1071 1722 1098 1752 1.
1124 1729 1222 1751 nune
1236 1744 1244 1751 .
1257 1745 1265 1752 .
1280 1729 1377 1751 nune
1401 1720 1523 1760 etiam]
1541 1728 1567 1753 s.
1583 1730 1625 1753 zu

934 1766 988 1805 32,
1015 1767 1046 1799 2.
1071 1784 1116 1788 —-
1142 1765 1226 1797 dum
1240 1789 1247 1798 .
1263 1789 1271 1797 .
1286 1765 1383 1805 dum]
1409 1775 1436 1799 s.
1451 1767 1578 1806 31,15‚
1592 1767 1625 1799 4.

981 1812 1012 1844 2.
1063 1812 1291 1850 nominatim]
1337 1810 1625 1844 wahrscheinlich

933 1855 1000 1897 die,
1031 1856 1164 1889 welche
1190 1857 1314 1889 Aratus
1339 1865 1417 1889 zum
1441 1855 1624 1899 Aufgeben

934 1902 993 1934 der
1018 1900 1189 1945 Tyrannis
1215 1901 1385 1944 hewogen
1412 1902 1526 1941 hatte;
1553 1901 1623 1945 vgl.

934 1947 1007 1981 Pol.
1035 1949 1067 1987 2,
1092 1950 1146 1981 44.
1174 1949 1229 1980 60.

979 1995 1010 2027 3.
1045 2004 1122 2026 now
1151 2003 1265 2036 prope
1298 1992 1458 2034 diremit]
1483 1991 1524 2025 da
1551 2002 1624 2026 war

933 2049 969 2071 es
988 2039 1056 2072 fast
1076 2039 1182 2072 sehon
1200 2037 1312 2070 Nacht
1331 2037 1528 2080 geworden,
1553 2037 1623 2071 und

932 2084 1006 2117 dies
1031 2087 1227 2121 trennte..;
1254 2082 1325 2126 vgl.
1351 2084 1382 2123 2,
1416 2085 1472 2124 64,
1498 2085 1534 2122 3;
1566 2085 1622 2125 32,

933 2132 987 2171 28,
1015 2132 1052 2169 73
1080 2131 1134 2171 38,
1151 2131 1207 2170 42,
1225 2130 1253 2162 1.
1273 2147 1317 2152 --
1334 2128 1479 2170 quando
1494 2154 1502 2162 .
1519 2128 1622 2171 ,pla-

933 2178 1039 2216 cer-et]
1064 2175 1134 2218 vgl.
1161 2176 1216 2216 32,
1234 2175 1288 2215 34,
1308 2175 1347 2208 8:
1372 2175 1522 2206 lionoris
1538 2183 1623 2206 cau-

931 2233 982 2255 sa.
1013 2241 1058 2245 —
1090 2221 1212 2254 cedere
1233 2244 1241 2252 .
1269 2244 1278 2252 .
1299 2219 1565 2262 redditur-amq
1593 2230 1621 2255 s„

932 2269 987 2309 32,
1014 2269 1068 2309 35,
1094 2268 1130 2306 9;
1157 2265 1240 2298 Sall.
1266 2264 1337 2307 lug.
1363 2267 1418 2306 62,
1444 2267 1476 2300 3.

978 2327 1008 2358 5.
1028 2323 1269 2366 principibus]
1304 2321 1392 2354 noch
1419 2321 1543 2355 andere
1569 2321 1620 2355 als

929 2369 984 2402 die
1010 2371 1064 2411 30,
1091 2371 1107 2401 7
1136 2369 1342 2411 genannten.

976 2418 1007 2449 6.
1043 2414 1252 2456 numquam]
1286 2412 1377 2445 steht
1412 2413 1475 2446 mit
1508 2412 1620 2446 Nach-

929 2460 1036 2494 druck
1060 2469 1177 2492 voran.

977 2508 1007 2541 7.
1040 2516 1114 2538 non
1146 2505 1300 2536 moveri.
1318 2505 1339 2545 .]
1373 2503 1443 2546 vgl.
1471 2505 1501 2544 5,
1527 2506 1559 2545 4,
1586 2505 1617 2538 9.

976 2554 1006 2585 8.
1044 2549 1309 2593 comprobatur*
1336 2567 1378 2573 —
1403 2551 1553 2582 auctore
1574 2574 1582 2582 .
1610 2574 1618 2582 .
