1795 2844
141 109 166 128 a.
187 101 253 129 Chr.
271 108 300 127 n.
322 101 380 128 195.
400 101 458 128 191.

563 88 691 124 LIBER
715 88 875 123 xxxllll.
924 88 1018 123 CAP.
1046 91 1101 124 41.
1127 90 1182 123 42.

1520 85 1601 125 153

142 206 320 247 relictam
342 206 702 254 Lacedaemonem3
725 218 858 258 regem
881 213 1015 245 autem
1038 205 1272 258 legitimum,
1306 205 1373 258 qui
1395 205 1436 245 in
1459 203 1602 246 Roma·
1633 214 1653 246 6

143 264 207 305 nis
235 264 354 304 suerit
384 264 543 311 castris,
577 271 811 317 ceterosque
841 263 1111 303 nobilissimos
1140 264 1244 303 cives
1265 263 1305 303 in
1337 262 1452 303 exilio
1476 263 1601 303 victu·

142 334 231 371 ros;
253 321 415 362 Nabidis
436 322 720 362 dominationis
741 321 951 362 satellitem
974 322 1122 361 sactum
1143 320 1339 375 populum
1361 320 1598 360 Romanum.
1632 329 1649 361 7

144 378 354 426 Quinctius
375 380 423 420 ab
445 380 560 432 Argis
582 379 768 428 Elatiam,
799 379 904 419 unde
935 379 980 419 ad
1009 378 1158 418 bellum
1182 379 1421 432 Spartanum
1445 379 1601 432 profec-

144 444 211 477 tus
233 444 328 486 erat,
350 438 484 491 copias
505 437 673 477 reduxit.

261 495 362 535 Sunt
383 495 451 548 qui
481 507 563 535 non
587 507 633 534 ex
663 494 811 548 oppido
844 493 1163 547 proficiscentem
1185 493 1334 534 bellum
1357 493 1523 546 gessisse
1546 501 1604 546 ty·
1633 501 1652 534 S

143 564 315 593 rannum
338 553 517 600 tradant,
549 553 615 592 sed
639 552 776 593 castris
799 551 985 592 adversus
1008 551 1183 592 Romana
1206 552 1347 605 positis
1371 558 1495 591 castra
1518 551 1604 592 diu·
1634 559 1653 592 9

145 622 224 662 que
246 617 490 659 cunctatum,
522 611 612 663 quia
636 609 867 650 Aetolorum
890 609 1032 649 auxilia
1057 616 1321 662 expectasset,
1354 616 1535 649 coactum
1557 610 1603 650 ad

145 675 362 708 extremum
386 669 470 708 acie
500 668 717 720 confligere
739 668 889 730 impetu
913 667 953 707 in
983 667 1235 720 pabulatores
1257 679 1350 707 suos
1373 680 1393 707 a
1415 666 1604 707 Romanis

143 725 269 775 factm
300 738 346 766 eo
369 725 522 779 proelio
544 726 690 766 victum
724 725 942 778 castrisque
964 733 1125 765 exutum
1156 737 1294 778 pacem
1318 725 1483 778 petisse,
1515 738 1606 765 cum
1638 733 1674 766 to

144 783 380 823 cecidissent
403 783 719 837 quattuordecim
741 782 847 823 milia
869 782 1055 830 militum,
1078 790 1190 836 capta
1213 782 1303 836 plus
1321 789 1510 835 quattuor
1530 784 1604 823 mi·

141 839 192 881 lia
214 847 358 881 essent.

259 898 409 938 Eodem
432 898 513 938 fere
534 904 715 951 tempore
737 905 775 938 et
796 911 816 938 a
838 897 882 937 T.
906 896 1094 944 Quinctio
1117 898 1165 937 de
1194 897 1314 937 rebus
1336 897 1382 937 ad
1406 896 1601 937 Lacedae·
1619 902 1668 938 42

142 968 304 996 monem
326 956 447 1008 gestis
468 963 506 996 et
528 968 549 996 a
569 956 618 996 M.
635 955 778 996 Porcio
801 956 966 996 consule
989 968 1035 995 ex
1053 955 1242 1009 Hispania
1264 954 1419 995 litterae
1442 954 1603 994 adlatae.

140 1014 354 1067 utriusque
383 1014 546 1054 nomine
574 1014 615 1053 in
645 1014 727 1053 dies
757 1022 892 1054 ternos
922 1013 1158 1066 supplicatio
1190 1013 1237 1053 ab
1271 1020 1411 1053 senatu
1449 1013 1603 1052 decreta

144 1078 217 1111 est.
269 1071 313 1111 L.
335 1071 514 1112 Valerius
544 1071 704 1119 consul,
733 1084 824 1111 cum
854 1078 946 1124 post
977 1071 1087 1110 fusos
1119 1071 1222 1111 circa
1255 1071 1438 1111 Litanam
1469 1070 1604 1110 silvam
1635 1079 1653 1111 2

142 1128 263 1170 Boios
285 1129 459 1182 quietam
481 1129 725 1182 provinciam
754 1129 981 1176 habuisset,
1014 1129 1266 1168 comitiorum
1299 1141 1417 1168 causa
1441 1128 1605 1168 Romam
1638 1136 1655 1168 3

142 1187 258 1227 rediit
295 1193 332 1226 et
369 1187 514 1226 creavit
551 1186 737 1227 consules
773 1187 815 1227 P.
847 1185 1075 1226 Cornelium
1109 1186 1338 1239 Scipionem
1373 1186 1605 1226 Africanum

142 1244 286 1285 iterum
310 1250 348 1284 et
369 1244 428 1284 Ti.
452 1244 736 1297 Sempronium
760 1244 957 1297 Longum.
1009 1244 1152 1284 horum
1184 1251 1316 1297 patres
1347 1244 1475 1297 primo
1499 1256 1605 1284 anno

143 1303 309 1343 secundi
327 1302 469 1342 Punici
490 1302 583 1342 belli
605 1302 790 1342 consules
813 1303 982 1342 fuerant.
1020 1302 1217 1355 praetoria
1240 1302 1332 1341 inde
1356 1301 1515 1342 comitia
1536 1302 1605 1341 ba·
1636 1310 1655 1342 4

143 1359 247 1409 bita;
282 1359 402 1400 creati
424 1360 468 1399 P.
492 1359 700 1400 Cornelius
723 1360 858 1413 Scipio
882 1367 921 1400 et
952 1360 1030 1399 duo
1055 1359 1124 1399 Cn.
1150 1358 1337 1407 Cornelii,
1361 1359 1547 1399 Merenda
1570 1366 1607 1398 et

143 1417 289 1466 Blasio,
312 1424 350 1457 et
367 1417 437 1458 Cn.
455 1417 652 1457 Domitius
674 1417 962 1458 Ahenobarbus
985 1424 1022 1457 et
1040 1417 1129 1456 Sex.
1148 1417 1317 1469 Digitius
1340 1425 1377 1457 et
1398 1417 1442 1456 T.
1463 1417 1604 1457 Iuven-

148 1476 228 1516 tius
249 1475 414 1515 Thalna.
457 1475 630 1515 comitiis
652 1476 840 1529 perfectis
863 1474 1003 1516 consul
1026 1475 1065 1514 in
1089 1475 1332 1528 provinciam
1356 1475 1484 1514 rediit.

260 1532 413 1573 Novum
436 1533 498 1573 ius
520 1545 566 1573 eo
598 1546 704 1573 anno
726 1547 747 1574 a
769 1532 1091 1574 Ferentinatibus
1114 1540 1368 1586 temptatum,
1401 1540 1444 1573 ut
1466 1532 1609 1580 Latini,
1629 1540 1648 1571 5

191 1660 222 1693 6.
242 1658 455 1700 legitimum]
470 1668 497 1692 s.
513 1660 567 1700 26,
583 1661 643 1698 14;
664 1659 732 1702 vgl.
745 1660 799 1701 32,
814 1661 841 1692 1.

143 1723 189 1728 —-
214 1703 370 1746 fueritJ*

194 1752 225 1784 7.
244 1750 505 1784 dominationis
516 1751 548 1792 *]
565 1761 590 1784 s.
606 1751 674 1783 Cic.
690 1750 722 1783 in
743 1749 841 1784 Catil.

149 1800 178 1839 1,
194 1798 230 1829 7:
257 1797 433 1830 audaciae
448 1797 656 1834 satellitem
683 1795 761 1829 Hor.
780 1795 841 1840 Ep.

149 1845 179 1885 1,
198 1844 227 1884 1,
246 1844 302 1876 17:
331 1845 477 1876 virtutis
501 1843 653 1876 satelles.

193 1890 224 1923 8.
250 1892 336 1922 sunt
353 1891 417 1932 qni
432 1915 439 1923 .
455 1889 477 1932 .]
498 1889 666 1922 nachdem
686 1889 756 1922 Liv.
775 1888 840 1922 den

146 1933 252 1977 Krieg
264 1935 352 1968 nach
363 1934 531 1979 Polybios
546 1934 757 1978 geschildert
770 1934 840 1976 hat,

147 1980 223 2023 ffigt
249 1990 284 2013 er
309 1980 363 2014 (lie
385 1981 655 2015 abweichenden
674 1980 841 2023 Angaben

147 2026 208 2060 der
228 2026 432 2061 Annalisten
454 2027 577 2067 hinzu‚
604 2027 676 2060 halt
699 2037 736 2060 es
761 2026 842 2060 aber

146 2071 241 2106 nicht
251 2072 304 2106 fur
312 2073 421 2116 notig,
431 2072 554 2106 ausdie
565 2072 844 2115 Ungenauigkeit

148 2117 330 2153 derselben
344 2118 574 2153 ausmerksam
591 2129 631 2151 zu
642 2118 803 2158 machen;
816 2129 842 2153 s.

148 2166 204 2205 33,
225 2167 278 2206 10,
301 2167 351 2199 10.
384 2165 483 2199 Auch
502 2164 585 2208 Kap.
604 2167 740 2199 42-44
767 2164 844 2198 sind

148 2210 214 2245 den
227 2211 431 2244 Annalisten
453 2215 684 2245 entnommen.
699 2230 743 2235 —
760 2221 844 2253 pro-

148 2257 378 2298 ficiscentem]
404 2267 443 2290 so
468 2257 544 2291 dass
562 2267 598 2291 er
615 2258 649 2290 in
668 2256 727 2290 der
746 2256 844 2290 Stadt

149 2304 223 2336 sein
250 2302 513 2347 Standquartier
546 2303 641 2336 hatte
675 2302 744 2336 und
775 2313 844 2336 von

150 2348 227 2383 dort
242 2348 413 2391 jedesmal
438 2359 584 2393 auszog,
610 2350 676 2382 wie
693 2348 777 2391 Kap.
801 2350 842 2382 37

149 2394 220 2428 und
247 2396 301 2429 38.

197 2442 230 2474 9.
257 2443 385 2474 castris
398 2465 406 2474 .
422 2465 430 2474 .
446 2442 578 2482 castra]
606 2440 773 2474 nachdem
801 2450 846 2482 er,

152 2496 213 2519 aus
238 2485 298 2520 der
323 2485 423 2520 Stadt
448 2486 668 2530 ausgerfickt,
694 2486 759 2520 den
780 2485 847 2519 Ro-

152 2542 247 2566 mern
285 2532 482 2576 gegenfiber
507 2533 552 2566 im
579 2532 715 2566 offenen
742 2531 846 2566 Felde

154 2579 228 2612 sich
254 2578 409 2622 gelagert
432 2578 539 2618 habe;
567 2588 593 2613 S.
614 2582 644 2613 4.
664 2580 717 2616 27.
739 2581 773 2617 ὃς
800 2579 845 2611 im

914 1658 1129 1700 Gegensatze
1147 1669 1187 1691 zu
1208 1659 1260 1696 27,
1280 1660 1330 1692 10.
1351 1677 1393 1681 —
1422 1658 1550 1701 qiam*
1567 1677 1611 1682 —-

912 1705 1136 1745 Aetolorum]
1155 1704 1289 1747 vgl.24,
1304 1707 1334 1737 Τ.
1354 1706 1455 1745 3ἵ,5;
1483 1703 1612 1737 Brand·

914 1751 1020 1783 st'ater
1045 1752 1123 1784 436.

964 1798 1232 1838 monstrisque
1259 1798 1421 1837 eaentum]
1447 1805 1474 1830 S.
1497 1798 1547 1836 15,
1579 1798 1608 1829 Τ.

915 1861 956 1867 -
968 1843 1258 1885 quattuordecim
1273 1842 1374 1874 milia
1385 1867 1392 1875 .
1403 1844 1423 1883 .]
1435 1853 1460 1875 s.
1473 1843 1527 1882 27,
1539 1841 1610 1881 21.;

913 1888 983 1931 vgl.
1004 1887 1136 1921 Schorn
1155 1890 1231 1922 273.

958 1933 1062 1969 42-
1069 1933 1133 1969 45.
1175 1933 1412 1967 Verhfiltnisse
1450 1933 1484 1967 in
1512 1933 1609 1966 Rom.

913 1980 1011 2014 Diod.
1028 1982 1082 2017 245,
1101 1982 1158 2019 14;
1185 1979 1276 2015 Plut.
1293 1980 1364 2014 Cat.
1379 1991 1422 2013 m.
1442 1982 1497 2018 11;
1524 1979 1610 2023 Nep.

916 2025 1450 2067 Catzxalitax)43
1478 2007 1611 2067 4'.,51.

965 2075 993 2106 1.
1020 2084 1040 2105 a
1057 2072 1102 2105 ,1Ι.
1120 2073 1263 2113 Porcio]
1284 2083 1309 2106 s.
1327 2075 1382 2113 43,
1398 2075 1433 2110 3;
1454 2082 1493 2105 zu
1511 2073 1565 2113 21,
1582 2073 1612 2105 8.

963 2120 994 2152 2
1021 2119 1205 2159 Lemnum]
1232 2129 1258 2152 s.
1286 2129 1327 2152 zu
1355 2120 1408 2153 22
1439 2121 1467 2152 1.

963 2166 994 2198 3.
1024 2164 1112 2206 Τι”.]*
1136 2184 1181 2189 -—
1206 2166 1481 2208 lzornmpatres]
1507 2174 1535 2197 S.
1559 2165 1613 2197 21.

918 2214 948 2252 6,
965 2213 994 2244 3.
1022 2231 1066 2235 -
1092 2210 1283 2252 Γιιεναηί]*

963 2259 994 2291 4.
1022 2258 1057 2290 P.
1086 2257 1274 2290 Cornelius
1300 2256 1434 2299 Scipio]
1467 2254 1524 2288 der
1559 2257 1612 2294 29,

919 2305 971 2340 14.
987 2304 1022 2340 S:
1041 2304 1093 2341 33.
1109 2304 1163 2336 25,
1181 2306 1187 2336 1
1210 2303 1398 2336 erw'ahnte.
1414 2320 1457 2325 —
1476 2301 1612 2341 Blasio]

917 2360 944 2383 s.
956 2351 1010 2385 43.
1023 2352 1053 2390 5,
1071 2351 1175 2382 1o.—
1186 2349 1380 2391 Domitius]
1396 2358 1430 2380 er
1444 2357 1516 2380 war
1526 2347 1611 2380 zwei

918 2395 1022 2428 Jahre
1046 2394 1162 2428 frfiher
1182 2394 1278 2432 Adil;
1305 2404 1330 2427 s.
1347 2395 1400 2434 33,
1422 2394 1476 2433 42,
1500 2395 1550 2426 10.
1570 2412 1614 2417 —

919 2442 1107 2474 Iuventius
1152 2440 1331 2480 Thnlna*]
1366 2444 1526 2472 stammte
1553 2448 1614 2472 aus

920 2488 1014 2521 einer
1040 2485 1322 2519 tuskulanischen
1350 2485 1502 2518 Familie.

966 2536 996 2567 5.
1024 2543 1154 2565 novum
1174 2533 1244 2575 lus]
1265 2532 1314 2565 sie
1334 2531 1550 2572 versucfflen,
1570 2531 1613 2563 ob

920 2579 969 2612 sie
996 2578 1067 2619 das,
1095 2588 1168 2611 was
1195 2579 1244 2611 sie
1270 2577 1530 2618 unternahmen,
1564 2577 1615 2609 als
