1795 2844
669 53 796 89 LIBER
812 55 958 90 XXXIII.
1010 56 1105 90 CAP.
1156 59 1211 93 38.

182 73 209 92 ι.
228 64 296 93 clu.
316 73 345 93 n.
368 65 428 93 196.
1587 55 1641 96 69

182 170 352 225 pabant,
381 171 684 225 periculumque
706 179 808 220 erat,
840 185 913 221 ne,
945 173 978 212 si
1001 185 1236 213 concessum
1256 174 1305 214 iis
1326 175 1428 214 foret
1451 176 1556 228 quod
1578 176 1641 215 in-

182 229 407 275 tenderent,
429 228 640 281 Zmyrnam
661 230 703 269 in
725 230 888 269 Aeolide
909 230 1116 283 Ionia'que,
1139 231 1402 285 Lampsacum
1423 232 1465 272 in
1487 232 1642 273 Helles-

182 293 308 340 ponto
324 286 424 326 aliae
444 287 564 327 urbes
581 294 859 339 sequerentur.
897 288 1018 339 igitur
1035 295 1072 327 et
1089 289 1175 341 ipse
1195 289 1244 329 ab
1261 290 1420 343 Epheso
1443 290 1491 330 ad
1508 290 1644 343 Zmyr-

183 356 275 384 nam
292 344 548 385 obsidendam
566 345 673 385 misit
694 351 745 392 et,
768 358 869 397 quae
886 345 1014 397 Abydi
1036 346 1174 398 copiae
1191 354 1316 393 erant,
1339 348 1538 401 praesidio
1555 356 1643 388 tan-

183 409 270 442 tum
290 402 448 441 modico
465 402 604 442 relicto
622 402 713 442 duci
734 403 782 442 ad
797 402 1061 455 Lampsacum
1080 405 1391 456 oppugnandam
1408 406 1536 445 iussit.
1569 419 1644 446 nec

180 459 218 499 vi
239 466 394 500 tantum
414 459 609 507 terrebat,
639 459 707 499 sed
730 473 801 513 per
821 460 973 512 legatos
994 460 1139 501 leniter
1169 462 1421 515 adloquendo
1445 463 1641 515 castigan-

182 518 314 570 doque
335 517 596 557 temeritatem
617 529 663 557 ac
692 518 953 570 pertinaciam
975 531 1088 571 spem
1110 519 1328 560 conabatur
1349 522 1478 560 facere
1492 552 1501 569 ,
1532 521 1642 561 brevi

183 575 290 628 quod
312 581 494 628 peterent
514 574 743 622 habituros,
774 575 841 615 sed
865 588 954 615 cum
977 577 1072 615 satis
1102 583 1138 615 et
1159 577 1257 630 ipsis
1288 585 1325 618 et
1348 578 1534 618 omnibus
1555 578 1642 618 aliis

182 640 405 686 appareret,
421 632 470 672 ab
489 644 582 684 rege
599 633 849 685 impetratam
867 646 935 673 eos
949 633 1184 681 libertatem,
1204 648 1286 674 non
1300 649 1372 688 per
1389 637 1642 676 occasionem

181 697 338 744 raptam
357 690 516 730 habere.
554 690 741 730 adversus
758 703 858 743 quae
880 692 1213 744 respondebatur,
1237 693 1335 732 nihil
1358 707 1487 745 neque
1508 694 1643 734 mirari

181 760 312 800 neque
327 760 560 788 suscensere
576 748 817 788 Antiochum
835 748 993 796 debere,
1010 749 1043 789 si
1060 762 1171 803 spem
1182 749 1378 790 libertatis
1393 751 1543 791 differri
1560 765 1643 791 non

181 806 276 845 satis
293 817 420 857 aequo
442 806 575 844 animo
593 813 840 858 paterentur.
873 806 957 859 ipse
976 807 1090 846 initio
1107 807 1208 847 veris
1231 808 1396 848 navibus
1417 808 1465 848 ab
1484 809 1642 862 Epheso

179 863 388 916 profectus
408 862 713 915 Hellespontum
744 865 864 916 petit,
893 865 1092 904 terrestris
1124 865 1260 918 copias
1290 866 1402 905 traici
1433 866 1481 905 ab
1504 866 1642 919 Abydo

181 921 476 960 Chersonesum
497 920 624 960 iussit.
666 933 757 961 cum
779 922 826 961 ad
843 921 1060 975 Madytum,
1083 922 1320 963 Chersonesi
1343 923 1496 972 urbem,
1518 931 1644 964 terre-

181 978 253 1018 stri
275 978 453 1017 navalem
475 978 690 1018 exercitum
708 979 915 1026 iunxisset,
939 980 1030 1032 quia
1054 979 1277 1021 clauserant
1299 988 1447 1033 portas,
1470 983 1642 1021 circum-

180 1035 290 1075 dedit
309 1036 468 1075 moenia
499 1036 680 1085 armatis;
713 1044 751 1076 et
771 1036 847 1076 iam
880 1050 1000 1090 opera
1023 1038 1246 1077 admoventi
1277 1039 1424 1078 deditio
1447 1039 1548 1079 facta
1571 1047 1641 1078 est.

179 1094 284 1133 idem
306 1099 436 1132 metus
459 1093 619 1132 Sestum
641 1093 855 1134 incolentis
876 1094 1050 1147 aliasque
1067 1095 1306 1135 Chersonesi
1328 1096 1449 1136 urbes
1470 1097 1510 1136 in
1534 1097 1643 1136 dedi-

180 1151 330 1190 tionem
353 1151 471 1190 dedit.
520 1150 810 1202 Lysimachiam
831 1152 924 1191 inde
947 1152 1133 1192 omnibus
1155 1153 1272 1192 simul
1294 1154 1498 1193 navalibus
1520 1161 1644 1194 terre-

180 1208 330 1248 stribus
345 1207 473 1260 copiis
489 1208 610 1248 venit.
641 1221 758 1261 quam
777 1222 867 1249 cum
885 1210 1080 1249 desertam
1097 1223 1142 1250 ac
1159 1218 1318 1250 stratam
1336 1224 1463 1264 prope
1481 1224 1642 1251 omnem

181 1266 309 1306 ruinis
336 1266 554 1305 invenisset
595 1289 648 1294 —
686 1275 875 1319 ceperant
903 1277 1034 1307 autem
1071 1268 1348 1321 direptamque
1383 1269 1645 1309 incenderant

180 1323 356 1364 Thraces
376 1324 515 1376 paucis
536 1330 628 1363 ante
651 1325 768 1363 annis
797 1348 876 1372 —,
908 1326 1054 1378 cupido
1087 1338 1177 1365 eum
1206 1327 1444 1366 restituendi
1468 1327 1645 1366 nobilem

179 1437 251 1471 und
282 1436 478 1480 Antigonus
512 1435 633 1469 hatten
659 1436 709 1470 sie
731 1437 878 1470 wieder-

179 1482 402 1527 hergestellt;
427 1493 455 1516 s.
480 1481 569 1515 Plin.
594 1486 626 1524 5,
653 1484 730 1517 118.
778 1482 875 1516 Nach

177 1529 314 1573 Appian
341 1531 361 1563 2
386 1529 501 1562 haben
526 1528 602 1562 sich
626 1528 728 1562 beide
754 1528 875 1563 Stadte

178 1585 222 1608 an
256 1574 468 1608 Flamininus
500 1574 675 1617 gewassdtz
700 1594 746 1599 —
770 1575 875 1608 liber·-

179 1624 287 1654 tatem
330 1622 570 1664 marpabant]
616 1620 667 1654 sie
713 1622 874 1655 machten

176 1669 279 1710 jetzt,
303 1667 348 1701 da
364 1668 530 1711 Agypten
548 1667 773 1710 ohnmachtig
790 1678 873 1709 war,

178 1714 232 1747 ihr
251 1713 363 1748 Recht
388 1713 450 1746 auf
473 1713 528 1746 die
546 1713 696 1746 Freiheit
722 1714 873 1756 geltend,

179 1759 212 1793 d.
237 1759 270 1794 h.
297 1760 348 1793 sie
371 1759 520 1793 nahmen
546 1759 596 1792 sie
620 1760 656 1792 in
672 1759 874 1802 Anspruch;

179 1817 208 1840 s.
235 1807 266 1847 8,
293 1809 326 1848 4,
342 1807 401 1844 10;
427 1807 482 1845 34,
500 1806 555 1845 58,
578 1807 629 1838 10.
654 1823 700 1829 -—
723 1806 874 1839 Aeolide

177 1853 366 1895 Ionioque]
404 1851 552 1895 Smyrna
589 1851 684 1884 hatte
726 1857 795 1885 erst
833 1862 875 1885 zu

179 1897 258 1931 dem
290 1897 411 1931 Bunde
445 1897 504 1930 der
536 1897 746 1938 atolischen,
785 1897 876 1931 dann

180 1943 259 1978 dem
284 1943 344 1977 der
376 1943 556 1977 ionischen
584 1942 704 1976 Stadte
736 1943 874 1986 gehort;

179 2000 206 2024 S.
235 1993 266 2031 1,
292 1993 348 2031 45,
374 1992 413 2028 ·2;
448 1989 517 2031 vgl.
550 1988 674 2022 Herod.
702 1991 733 2031 1,
763 1992 824 2024 14¹.)
852 1990 873 2024 s.

177 2055 225 2061 --
249 2035 490 2078 Hellesponto]
517 2046 543 2070 S.
559 2035 799 2078 §12;31.15.
823 2038 874 2070 11.

225 2084 258 2116 4.
283 2084 394 2123 misit]
419 2092 446 2115 s.
465 2083 520 2124 35,
538 2083 590 2115 12.
608 2101 654 2106 —
678 2082 813 2125 Abydi]
840 2092 875 2115 er

178 2128 240 2162 hat
264 2127 424 2162 dasselbe
442 2128 510 2161 wie
527 2126 686 2171 Ephesus
712 2128 820 2161 sehon
841 2128 876 2161 in

180 2173 296 2208 Besitz
322 2184 546 2217 genommen;
573 2173 644 2216 vgl.
660 2175 714 2215 32,
729 2175 784 2215 33,
799 2176 829 2207 7.

228 2223 260 2254 5.
301 2220 526 2263 adloquendo
577 2221 877 2263 castigandoque]

180 2261 364 2308 ‘unter..'‚
397 2266 430 2300 d.
453 2266 486 2300 h.
512 2265 628 2299 indem
654 2276 690 2299 er
715 2265 776 2299 das
801 2267 877 2299 eine

181 2311 252 2344 und
277 2312 368 2345 dann
392 2312 523 2346 wieder
554 2311 615 2345 das
641 2311 766 2345 andere
792 2312 878 2345 thun

181 2356 277 2400 liel’s3
294 2358 364 2401 vgl.
378 2358 464 2392 uber
481 2369 549 2400 que
562 2359 617 2399 36,
631 2359 687 2395 11;
707 2359 762 2393 31.
776 2360 830 2400 43,
845 2359 878 2391 6.

182 2422 228 2426 ——
252 2405 350 2446 quod
367 2405 545 2447 peterent]
576 2404 627 2437 sie
661 2404 789 2437 sollten
821 2404 876 2437 die

182 2447 333 2483 Freiheit
357 2450 439 2483 hald
464 2449 637 2490 erhalten,
670 2450 751 2482 aber
783 2450 876 2483 nicht

182 2493 274 2536 eber,
300 2495 351 2529 als
376 2496 429 2529 bis
453 2495 558 2537 (dann
579 2500 659 2535 erst,
686 2497 801 2537 wenn)
828 2496 877 2529 sie

183 2540 233 2573 sie
258 2540 333 2574 sich
357 2541 593 2576 unterworfen
618 2541 748 2575 hatten.

995 1440 1026 1472 6.
1049 1448 1116 1480 pet·
1133 1438 1371 1484 occasionem]
1399 1439 1429 1472 d.
1445 1439 1478 1472 h.
1504 1440 1560 1473 bei
1587 1439 1646 1473 der

947 1483 1138 1518 Schwache
1168 1486 1351 1529 Agyptens
1384 1485 1455 1518 und
1487 1484 1647 1519 Macedo-

946 1540 1055 1563 mens.

994 1578 1024 1609 7.
1052 1587 1147 1619 spem
1167 1577 1348 1610 libertatis
1366 1578 1524 1618 differri]
1549 1588 1646 1620 spem

945 1621 1019 1655 hier
1032 1622 1087 1656 die
1100 1622 1284 1666 Erffillung
1298 1623 1357 1656 der
1371 1623 1556 1667 Hoffnung,
1578 1624 1645 1656 wie

943 1678 1023 1710 spes
1046 1679 1138 1708 sera,
1164 1680 1243 1712 spes
1268 1670 1381 1707 lenta3
1409 1680 1435 1703 s.
1455 1672 1486 1709 5,
1502 1672 1534 1709 6,
1550 1672 1585 1708 2;
1614 1672 1645 1707 6,

947 1716 979 1755 S,
996 1716 1055 1753 10;
1070 1715 1199 1757 vg1.26,
1215 1716 1246 1756 3,
1264 1717 1322 1749 10:
1340 1727 1437 1759 spem
1455 1719 1643 1759 temptare:

946 1761 1002 1801 28,
1028 1762 1088 1801 15,
1117 1763 1176 1794 10;
1219 1772 1316 1803 spem
1355 1761 1557 1801 adfectare;
1590 1763 1646 1804 25,

947 1807 1084 1847 38,4u.
1100 1816 1129 1839 a.
1166 1805 1247 1840 Dass
1273 1807 1326 1841 die
1352 1808 1472 1841 Stadte
1499 1808 1562 1841 srei
1588 1818 1646 1850 ge-

945 1851 1085 1885 blieben
1112 1852 1205 1893 sind,
1239 1854 1331 1896 zeigt
1358 1856 1412 1895 35,
1431 1855 1494 1894 -12,
1518 1855 1556 1891 2;
1591 1855 1645 1894 38,

948 1900 1003 1932 39.
1018 1900 1048 1932 3.
1071 1900 1124 1931 11.

995 1945 1025 1978 S.
1053 1944 1330 1987 Hellespontum]
1357 1945 1431 1978 hier
1449 1945 1572 1979 anders
1595 1945 1646 1979 als

946 1989 968 2034 ξ
979 1992 1011 2024 3.
1025 2009 1070 2014 —
1083 1992 1127 2023 ab
1137 1990 1302 2034 Abydo]*
1314 2010 1358 2015 -
1375 1991 1645 2033 Chersonesum]

946 2046 973 2070 s.
990 2035 1075 2079 Nep.
1108 2035 1194 2070 Milt.
1214 2039 1249 2070 1:
1284 2037 1540 2070 Chersonesum
1562 2049 1646 2081 pro-

945 2081 1074 2121 fectus:

994 2129 1025 2161 9.
1051 2127 1281 2172 Madytum*]
1296 2139 1323 2162 s.
1338 2130 1393 2169 31,
1413 2131 1463 2169 16,
1475 2132 1505 2162 5.
1521 2149 1566 2153 —
1584 2130 1646 2161 ad-

948 2176 1118 2215 moventi]
1154 2174 1275 2216 gehort
1306 2185 1348 2208 zu
1381 2175 1513 2207 deditio
1545 2174 1646 2214 facia

949 2223 1011 2262 est,
1025 2236 1070 2248 =
1087 2231 1124 2252 se
1141 2220 1369 2255 dediderunt.
1395 2240 1438 2244 —
1464 2221 1559 2253 idem
1578 2232 1647 2253 me-

949 2267 1019 2308 tus]
1041 2276 1068 2300 s.
1084 2267 1139 2307 32,
1160 2269 1211 2306 13,
1229 2268 1281 2299 13.
1299 2285 1344 2290 —
1370 2266 1521 2307 Sestum]
1548 2277 1574 2299 s.
1591 2268 1645 2308 32,

949 2313 1002 2351 33,
1018 2314 1048 2344 7.
1062 2331 1109 2336 —
1127 2314 1164 2344 in
1182 2312 1399 2344 deditionem
1414 2312 1524 2353 dedit]
1543 2309 1645 2346 ‘trieb

948 2368 1008 2391 zur
1023 2383 1030 2390 .
1046 2354 1076 2395 .';
1103 2357 1173 2400 vgl.
1190 2360 1244 2399 37,
1258 2360 1289 2391 4.

950 2452 962 2460 -
997 2406 1049 2458 1ον-
1076 2403 1360 2447 Lysimachiam]
1380 2402 1449 2445 vgl.
1464 2405 1521 2445 40,
1534 2405 1571 2443 6;
1591 2405 1645 2445 34,

948 2451 1062 2528 osli-{-
1074 2497 1203 2537 paucis
1216 2497 1299 2527 ante
1317 2496 1437 2535 annis]
1464 2494 1552 2528 nach
1568 2494 1647 2528 dem

947 2540 1091 2583 Abzuge
1118 2539 1295 2584 Philipps;
1331 2550 1482 2583 genauer
1514 2539 1565 2574 als
1591 2542 1646 2583 32,

1677 1160 1713 1193 10

1678 1274 1714 1307 11
