1747 2828
194 76 275 115 110
593 77 718 112 LIBER
742 78 900 114 xxxnn.
949 78 1044 114 CAP.
1071 81 1124 114 10.
1151 81 1273 116 11.12.

1444 101 1470 119 a.
1488 99 1516 119 u.
1535 99 1560 120 c.
1578 93 1641 122 559.

192 202 372 248 gatorum
404 195 650 247 septuaginta
685 195 755 234 tria
777 195 882 235 milia
906 202 942 235 et
966 195 1153 235 Oscensis
1183 196 1334 247 argenti
1357 196 1526 237 ducenta
1547 210 1639 251 sep·

190 252 366 304 tuaginta
389 258 478 290 octo
501 251 618 290 milia.

122 314 166 348 11
307 309 351 348 In
384 308 572 361 Hispania
604 309 759 348 interim
790 309 942 357 ‚consul
974 309 1076 348 haud
1108 309 1249 361 procul
1275 309 1474 363 Emporiis
1511 316 1638 350 castra

142 375 160 406 2
193 366 373 406 habebat.
416 378 461 404 eo
485 365 600 416 legati
623 373 702 405 tres
733 366 780 406 ab
803 366 1015 418 Ilergetum
1038 366 1176 417 regulo
1200 366 1397 419 Bilistage,
1429 368 1469 407 in
1492 367 1637 420 quihus

191 436 297 464 unus
318 423 422 462 filius
444 423 528 462 eius
551 430 646 471 erat,
675 430 883 471 venerunt,
912 422 1122 475 querentes
1144 423 1299 463 castella
1322 437 1391 463 sua
1413 424 1637 477 oppugnari

195 494 268 520 nec
290 492 401 533 spem
425 479 541 519 ullam
566 493 650 519 esse
671 481 894 529 resistendi,
928 481 1002 520 nisi
1026 481 1262 533 praesidium
1286 481 1488 521 Romanus
1507 481 1638 521 misis-

140 545 158 577 3
189 545 266 586 set;
300 537 372 576 tria
394 537 499 576 milia
520 537 688 576 militum
710 537 803 577 satis
825 551 923 586 esse,
955 551 1027 577 nec
1049 538 1198 586 hostis,
1229 539 1259 577 si
1283 544 1391 578 tanta
1412 550 1553 578 manus
1573 551 1640 577 ve-

194 595 333 642 nisset,
365 606 585 633 mansuros.
627 595 673 634 ad
697 607 740 634 ea
772 595 925 643 consul,
954 595 1100 634 moveri
1133 595 1289 647 quidem
1313 608 1354 635 se
1374 595 1435 635 vel
1456 594 1635 648 periculo

142 662 160 693 4
192 664 328 691 eorum
358 651 416 690 vel
449 658 580 700 metu,
611 652 762 700 dicere;
797 652 862 691 sed
887 652 958 691 sibi
983 665 1232 704 nequaquam
1255 658 1410 692 tantum
1431 652 1638 705 copiarum

193 722 299 758 esse,
329 715 392 755 ut,
424 721 513 748 cuni
544 721 684 760 magna
706 709 763 748 vis
784 710 956 748 hostium
987 709 1089 749 haud
1114 710 1253 761 procul
1274 709 1395 758 absit,
1426 716 1487 755 et,
1519 722 1636 762 quam

192 779 282 805 mox
304 766 428 817 signis
458 766 608 805 collatis
638 766 903 806 dimicandum
925 767 999 815 sit,
1030 767 1069 805 in
1093 767 1175 805 dies
1197 772 1396 819 expectet,
1426 766 1636 807 dividendo

141 834 158 865 5
192 824 406 863 exercitum
429 824 608 862 minuere
632 830 717 863 tuto
741 824 842 863 vires
864 824 1000 876 possit.
1043 823 1173 875 legati,
1203 824 1271 863 ubi
1293 824 1389 863 haec
1410 824 1634 872 audierunt,

191 882 331 921 flentes
361 881 407 920 ad
439 893 566 932 genua
599 881 774 920 consulis
799 881 1105 934 provolvuntur,
1137 888 1272 927 orant,
1305 893 1354 920 ne
1385 881 1487 920 sein
1520 881 1638 921 rebus

140 950 160 982 6
192 946 267 978 tam
290 938 455 990 trepidis
476 938 648 978 deserat:
677 951 755 991 quo
779 939 884 977 enim
900 951 961 987 se,
983 938 1165 991 repulsos
1186 938 1234 977 ab
1256 937 1459 986 Romanis,
1480 936 1638 977 ituros?

140 1008 158 1039 7
191 995 320 1035 nullos
342 1008 383 1034 se
413 996 564 1042 socios,
596 995 693 1035 nihil
725 1008 892 1048 usquam
916 995 954 1034 in
987 995 1102 1034 terris
1123 995 1228 1034 aliud
1257 996 1343 1048 spei
1363 995 1520 1035 habere.
1563 1007 1640 1048 po-

190 1054 312 1093 tuisse
334 1066 375 1091 se
398 1060 503 1091 extra
526 1053 561 1091 id
595 1053 818 1105 periculum
841 1065 946 1099 esse,
978 1053 1010 1091 si
1033 1053 1223 1092 decedere
1244 1052 1342 1100 fide,
1372 1053 1403 1091 si
1426 1052 1637 1091 coniurare

190 1123 280 1150 cum
304 1111 445 1148 ceteris
475 1110 702 1149 voluissent.
747 1110 868 1149 nullis
888 1109 1030 1156 minis,
1063 1109 1183 1148 nullis
1213 1108 1411 1148 terriculis
1432 1122 1474 1148 se
1494 1116 1638 1156 motos,

142 1178 160 1210 8
190 1167 388 1219 sperantis
409 1167 502 1206 satis
524 1167 611 1219 opis
635 1173 671 1206 et
703 1167 835 1206 auxilii
858 1166 931 1206 sibi
955 1167 992 1205 in
1017 1166 1206 1206 Romanis
1227 1179 1325 1205 esse.
1367 1165 1405 1205 id
1427 1166 1459 1205 si
1483 1165 1638 1205 nullum

191 1225 262 1272 sit,
297 1225 328 1263 si
351 1224 425 1263 sibi
447 1236 468 1262 a
491 1224 653 1263 consule
677 1232 866 1276 negetur,
900 1225 995 1263 deos
1017 1224 1279 1276 hominesque
1301 1236 1342 1263 se
1363 1223 1474 1263 testis
1495 1224 1638 1271 facere,

190 1282 333 1320 invitos
353 1289 391 1320 et
420 1288 576 1320 coactos
598 1294 659 1328 se,
692 1295 741 1320 ne
772 1281 927 1328 eadem,
961 1293 1060 1333 quae
1083 1280 1292 1332 Saguntini
1313 1280 1417 1333 passi
1438 1280 1537 1328 sint,
1569 1292 1639 1332 pa-

190 1339 359 1385 tiantur,
390 1339 613 1378 defecturos
646 1345 683 1377 et
713 1351 802 1377 cum
836 1339 979 1377 ceteris
1008 1338 1142 1390 potius
1164 1337 1351 1390 Hispanis
1382 1350 1498 1390 quam
1529 1337 1639 1377 solos

194 1396 393 1448 perituros
411 1408 507 1434 esse.
545 1402 583 1434 et
600 1395 665 1434 ilio
689 1396 847 1447 quidem
865 1395 927 1435 die
945 1395 1000 1434 sic
1021 1396 1107 1434 sine
1128 1407 1321 1447 responso
1339 1395 1502 1434 dimissi.
1540 1407 1637 1434 con-

231 1495 381 1531 11-21,
415 1496 499 1529 Cato
532 1496 566 1528 in
593 1495 752 1539 Spanien.
790 1495 876 1539 Nep.

188 1542 272 1575 Cato
291 1544 331 1581 2;
358 1542 447 1575 Plut.
476 1544 534 1579 1ος
560 1542 648 1584 App.
675 1541 767 1584 Hisp.
788 1543 877 1575 39-

187 1591 248 1626 41ς
275 1587 357 1620 Ζοη.
376 1589 407 1628 9,
431 1590 488 1625 172
517 1586 612 1621 Oros.
627 1590 659 1627 4,
675 1589 736 1624 20:
763 1587 878 1620 Front.

188 1632 289 1666 Strat.
320 1636 347 1671 1,
377 1636 406 1674 1,
433 1635 462 1667 1.
488 1635 519 1671 2,
539 1636 574 1672 ὃς
601 1635 682 1673 3,1,
706 1635 736 1666 2.
766 1635 875 1673 10,1;

185 1682 217 1719 4,
238 1681 268 1720 7,
288 1680 340 1712 31.
361 1681 413 1712 35.

238 1727 264 1757 1.
291 1723 498 1767 Ilergetum]
525 1724 597 1757 eins
632 1724 690 1757 der
717 1724 876 1766 wenigen

185 1769 326 1811 leker,
351 1770 406 1803 die
426 1774 498 1803 treu
523 1770 706 1811 geblieben
724 1769 819 1809 sind;
847 1780 873 1803 s.

186 1818 239 1858 21,
255 1817 309 1857 23,
325 1817 355 1849 2.
375 1819 429 1857 61,
445 1818 481 1854 7;
498 1817 553 1857 26,
567 1818 698 1856 49,11;
726 1817 780 1858 29,
795 1817 827 1857 2,
842 1819 872 1849 5.

185 1881 226 1885 —
255 1863 293 1893 in
320 1863 448 1904 quibus
461 1886 468 1894 .
484 1863 505 1902 .]
524 1872 550 1894 s.
566 1863 620 1902 37,
635 1863 689 1902 23,
705 1864 735 1895 5.
754 1881 797 1885 —
817 1873 873 1894 ca-

184 1907 298 1948 stella]
325 1918 351 1941 s.
373 1909 426 1949 13,
441 1908 479 1945 3;
497 1907 566 1950 vgl.
584 1909 636 1948 17,
653 1909 670 1940 7
687 1905 722 1940 ff.
749 1926 792 1930 —
817 1919 872 1940 re-

183 1953 344 1993 sistendi]
362 1964 386 1987 s.
402 1956 457 1993 43,
477 1955 525 1994 19,
541 1955 571 1986 8.
589 1972 633 1977 —
645 1953 872 1995 praesidium

185 1998 487 2040 ..misissetssxgh
508 2001 557 2039 12,
572 2000 608 2037 83
624 2000 678 2038 24,
693 2001 748 2040 40,
765 2001 800 2037 7;
816 2002 851 2032 31
862 2025 870 2041 ,

184 2047 215 2085 5,
230 2047 261 2078 6.
287 2043 471 2077 Vielleieht
493 2044 628 2077 bezieht
650 2045 722 2077 sich
738 2044 798 2077 auf
809 2044 870 2077 das

183 2090 255 2122 hier
274 2089 458 2122 Erwahnte
482 2090 611 2124 Charis.
630 2089 655 2122 II
678 2089 711 2123 S.
732 2092 798 2124 208
813 2089 869 2123 K:

185 2135 270 2168 Cato
289 2136 428 2167 dierum
448 2136 629 2167 dictarum
647 2135 688 2167 de
707 2136 871 2168 consula-

183 2184 221 2213 tu
235 2192 298 2213 suo
308 2194 318 2213 .·
331 2176 403 2213 ‘eas
420 2192 476 2212 res
489 2191 560 2213 non
571 2191 676 2223 posse
689 2183 871 2222 sustineri,

182 2229 255 2259 nist
279 2238 317 2259 eo
341 2227 526 2269 praesidia
550 2237 684 2268 magna
710 2226 871 2266 frumen-

182 2276 328 2315 tumque
351 2268 732 2317 <m1‘tterentur>⁷;vgl.
755 2272 779 2304 F
783 2276 869 2306 ront.

183 2321 215 2359 4,
239 2320 269 2360 7,
293 2320 346 2352 31.
372 2338 416 2341 —
441 2320 607 2359 misisset]
640 2318 776 2351 vertritt
808 2318 868 2351 das

183 2363 257 2396 Fut.
280 2366 448 2405 exactum,
474 2363 515 2397 da
540 2364 573 2396 in
596 2374 693 2406 Spem
718 2375 790 2395 esse
814 2363 869 2396 die

183 2409 391 2451 Andeutung
422 2409 480 2442 der
513 2409 665 2442 Zukunft
697 2409 800 2452 liegt,
824 2426 870 2438 =

182 2465 255 2486 non
279 2457 495 2495 resistemus,
520 2456 594 2487 nisi
617 2456 773 2494 miserit;
799 2455 869 2498 vgl.

184 2499 205 2542 ξ
226 2501 263 2533 3:
289 2503 320 2532 si
343 2503 505 2543 venisset,
529 2511 736 2541 mansuro-93
764 2502 819 2543 31,
839 2502 869 2543 8,

184 2546 203 2577 3
229 2555 261 2577 u.
284 2556 312 2578 a.

994 1498 1026 1530 4.
1051 1506 1158 1538 quum
1181 1498 1279 1536 mom]
1303 1491 1384 1528 ‘wie
1410 1491 1519 1537 hald’,
1545 1494 1576 1528 d.
1602 1495 1636 1529 h.

949 1551 984 1574 er
1009 1544 1170 1574 erwartet
1187 1551 1222 1574 es
1249 1541 1326 1574 sehr
1343 1540 1442 1579 bald;
1469 1551 1495 1573 s.
1515 1540 1582 1573 Cic.
1600 1551 1635 1584 p.

948 1586 1049 1619 Rosc.
1068 1597 1154 1620 com.
1182 1590 1214 1620 1:
1238 1589 1415 1629 eoespecto,
1429 1596 1535 1628 quam
1549 1596 1636 1618 mooe

949 1657 957 1665 .
972 1658 979 1665 .
993 1635 1137 1671 utatu1¹;
1164 1632 1233 1675 vgl.
1253 1635 1284 1674 3,
1303 1634 1357 1673 37,
1376 1634 1408 1666 5.
1433 1650 1478 1656 -—
1502 1633 1542 1663 in
1560 1631 1635 1664 die-s·

948 1681 1119 1720 eoepectet]
1138 1678 1287 1710 namlich
1305 1677 1365 1710 der
1381 1676 1530 1715 Konsuh
1550 1677 1636 1710 iiber

948 1726 985 1756 in
1004 1724 1078 1756 dies
1095 1734 1121 1757 s.
1140 1734 1181 1756 zu
1204 1725 1258 1765 22,
1277 1724 1331 1764 43,
1350 1724 1381 1757 2.
1407 1742 1449 1746 —
1472 1723 1634 1765 possifl*.

992 1773 1021 1803 5.
1049 1769 1278 1810 audierunt?
1301 1788 1348 1793 —
1373 1768 1514 1809 omma*
1533 1788 1577 1791 ⁷—
1593 1770 1634 1801 in

943 1816 1050 1848 rebus
1064 1843 1071 1849 .
1086 1841 1094 1848 .
1110 1816 1271 1857 trepidis]
1297 1815 1363 1848 wie
1381 1817 1413 1857 4,
1434 1816 1486 1856 13,
1507 1816 1566 1848 14;
1592 1816 1634 1846 in

945 1865 1016 1893 tam
1043 1862 1194 1904 trepidis
1213 1862 1333 1900 rehum
1359 1862 1392 1900 4,
1411 1862 1465 1901 56,
1484 1861 1522 1899 83
1548 1859 1633 1892 hau-

942 1906 1028 1949 figer
1041 1909 1079 1939 in
1093 1919 1133 1940 re
1146 1907 1304 1950 trepida;
1323 1916 1350 1939 s.
1366 1909 1394 1948 1,
1411 1908 1464 1946 27,
1479 1908 1497 1939 7
1509 1919 1516 1945 ;
1530 1907 1562 1946 4,
1577 1907 1632 1948 46,

943 1955 961 1986 8
989 1964 1020 1987 n.
1040 1963 1070 1985 a.

990 2000 1019 2031 7.
1047 2001 1152 2031 etz-tra
1170 1998 1210 2030 id
1220 1997 1439 2040 periculum]
1457 2006 1484 2030 s.
1501 1997 1568 2030 Cic.
1586 1996 1630 2029 ad

941 2044 1011 2078 Att.
1041 2046 1097 2085 11,
1130 2045 1190 2085 24,
1216 2045 1252 2076 2:
1291 2045 1396 2075 eoetra
1423 2042 1632 2085 periculum

942 2091 1049 2121 huius
1074 2089 1174 2128 belm
1205 2088 1273 2131 vgl.
1300 2090 1354 2128 61,
1380 2090 1411 2121 9.
1437 2107 1481 2111 —
1507 2089 1631 2120 eoniu-

940 2137 1036 2176 ναν-ε]
1062 2145 1088 2168 s.
1115 2138 1169 2176 56,
1189 2135 1219 2167 2.
1251 2153 1295 2157 ——
1328 2134 1518 2174 terriculis]
1545 2144 1571 2167 s.
1597 2136 1629 2175 5,

941 2183 972 2221 9,
992 2183 1025 2219 ’ῖ;
1054 2191 1095 2214 an
1120 2192 1153 2213 u.
1172 2179 1222 2214 St.
1241 2179 1330 2213 ohne
1353 2179 1407 2212 die
1426 2177 1536 2212 Sache
1554 2179 1632 2212 her-

943 2227 1162 2259 abzusetzen.
1326 2261 1340 2267 η

987 2274 1017 2305 8.
1034 2273 1104 2304 sibi
1117 2298 1123 2305 .
1138 2296 1146 2304 .
1160 2282 1197 2303 se
1211 2297 1217 2304 .
1232 2295 1240 2303 .
1254 2272 1301 2311 se]
1318 2270 1507 2303 Ahnliches
1519 2269 1630 2303 findet

940 2318 1012 2350 sich
1027 2317 1113 2350 auch
1127 2319 1223 2350 sonst
1239 2316 1295 2349 bei
1311 2316 1396 2354 Liv.;
1411 2326 1439 2350 s.
1454 2318 1485 2356 3,
1497 2317 1551 2357 50,
1561 2317 1582 2349 6
1593 2314 1629 2351 ff.

985 2362 1044 2398 12.
1072 2365 1100 2396 1.
1125 2362 1187 2395 illo
1206 2362 1362 2404 quidem]
1383 2362 1417 2394 in
1436 2360 1554 2403 Bezug
1570 2360 1632 2394 auf

940 2410 960 2450 ξ
986 2412 1016 2442 5.
1043 2427 1085 2432 —
1111 2409 1174 2448 sic]
1205 2407 1342 2440 bezieht
1375 2406 1448 2441 sich
1481 2405 1543 2439 auf
1573 2406 1628 2440 die

941 2455 1064 2487 zweite
1082 2453 1175 2486 Rede
1194 2452 1253 2486 der
1270 2452 1475 2494 Gesandten,
1494 2451 1628 2485 welche

942 2500 1024 2533 Cato
1050 2499 1329 2533 unbeantwortet
1352 2498 1450 2538 lassu
1485 2497 1552 2531 wie
1575 2500 1629 2530 sic

941 2547 1040 2588 (ita).
1057 2571 1064 2578 .
1079 2545 1217 2578 d1'me'ssi
1239 2544 1423 2578 stehender
1445 2542 1627 2577 Ausdruck
