<?xml version="1.0" encoding="UTF-8"?>
<!DOCTYPE html PUBLIC "-//W3C//DTD XHTML 1.0 Transitional//EN"
    "http://www.w3.org/TR/xhtml1/DTD/xhtml1-transitional.dtd">
<html xmlns="http://www.w3.org/1999/xhtml" xml:lang="en" lang="en">
 <head>
  <title>
</title>
<meta http-equiv="Content-Type" content="text/html;charset=utf-8" />
  <meta name='ocr-system' content='tesseract 3.04.00' />
  <meta name='ocr-capabilities' content='ocr_page ocr_carea ocr_par ocr_line ocrx_word'/>
</head>
<body>
  <div class='ocr_page' id='page_1' title='image "./aburbeconditalib07livyuoft_0315.png"; bbox 0 0 1795 2844; ppageno 0'>
   <div class='ocr_carea' id='block_1_1' title="bbox 559 77 1578 116">
    <p class='ocr_par' dir='ltr' id='par_1_1' title="bbox 559 77 1578 116">
     <span class='ocr_line' id='line_1_1' title="bbox 559 77 1578 116; baseline 0.002 -2"><span class='ocrx_word' id='word_1_1' title='bbox 559 80 685 114; x_wconf 79' lang='lat' dir='ltr'>LIBER</span> <span class='ocrx_word' id='word_1_2' title='bbox 708 80 866 115; x_wconf 79' lang='lat' dir='ltr'>xxxffll.</span> <span class='ocrx_word' id='word_1_3' title='bbox 914 80 1008 115; x_wconf 74' lang='lat' dir='ltr'>CAP.</span> <span class='ocrx_word' id='word_1_4' title='bbox 1039 82 1090 116; x_wconf 87' lang='lat'>13.</span> <span class='ocrx_word' id='word_1_5' title='bbox 1118 83 1171 115; x_wconf 76' lang='lat'>14.</span> <span class='ocrx_word' id='word_1_6' title='bbox 1498 77 1578 116; x_wconf 81' lang='grc'>113</span> 
     </span>
    </p>
   </div>
   <div class='ocr_carea' id='block_1_2' title="bbox 1524 149 1534 170">
    <p class='ocr_par' dir='ltr' id='par_1_2' title="bbox 1524 149 1534 170">
     <span class='ocr_line' id='line_1_2' title="bbox 1524 149 1534 170; baseline 0 0"><span class='ocrx_word' id='word_1_7' title='bbox 1524 149 1534 170; x_wconf 88' lang='grc' dir='ltr'><strong><em>Ι</em></strong></span> 
     </span>
    </p>
   </div>
   <div class='ocr_carea' id='block_1_3' title="bbox 115 196 1647 1052">
    <p class='ocr_par' dir='ltr' id='par_1_3' title="bbox 119 196 1647 524">
     <span class='ocr_line' id='line_1_3' title="bbox 119 196 1576 251; baseline -0.001 -14"><span class='ocrx_word' id='word_1_8' title='bbox 119 197 337 251; x_wconf 87' lang='lat' dir='ltr'>provinciis</span> <span class='ocrx_word' id='word_1_9' title='bbox 356 198 426 245; x_wconf 89' lang='lat' dir='ltr'>sit,</span> <span class='ocrx_word' id='word_1_10' title='bbox 458 197 670 250; x_wconf 85' lang='lat' dir='ltr'>imperium</span> <span class='ocrx_word' id='word_1_11' title='bbox 692 196 808 236; x_wconf 90' lang='lat' dir='ltr'>nobis</span> <span class='ocrx_word' id='word_1_12' title='bbox 835 196 931 235; x_wconf 89' lang='lat' dir='ltr'>citra</span> <span class='ocrx_word' id='word_1_13' title='bbox 955 196 1145 238; x_wconf 86' lang='lat' dir='ltr'>Hiberum</span> <span class='ocrx_word' id='word_1_14' title='bbox 1166 196 1355 236; x_wconf 87' lang='lat' dir='ltr'>amissum</span> <span class='ocrx_word' id='word_1_15' title='bbox 1377 203 1448 235; x_wconf 88' lang='lat' dir='ltr'>est.</span> <span class='ocrx_word' id='word_1_16' title='bbox 1500 197 1576 236; x_wconf 91' lang='lat' dir='ltr'>hoc</span> 
     </span>
     <span class='ocr_line' id='line_1_4' title="bbox 119 252 1616 307; baseline 0 -13"><span class='ocrx_word' id='word_1_17' title='bbox 119 255 240 294; x_wconf 89' lang='lat' dir='ltr'>armis</span> <span class='ocrx_word' id='word_1_18' title='bbox 284 262 323 294; x_wconf 90' lang='lat' dir='ltr'>et</span> <span class='ocrx_word' id='word_1_19' title='bbox 356 255 499 294; x_wconf 92' lang='lat' dir='ltr'>virtute</span> <span class='ocrx_word' id='word_1_20' title='bbox 529 254 760 307; x_wconf 86' lang='lat' dir='ltr'>reciperetis</span> <span class='ocrx_word' id='word_1_21' title='bbox 796 260 957 306; x_wconf 84' lang='lat' dir='ltr'>opoitet</span> <span class='ocrx_word' id='word_1_22' title='bbox 1001 261 1041 293; x_wconf 92' lang='lat' dir='ltr'>et</span> <span class='ocrx_word' id='word_1_23' title='bbox 1077 254 1281 293; x_wconf 86' lang='lat' dir='ltr'>nationem</span> <span class='ocrx_word' id='word_1_24' title='bbox 1315 252 1578 293; x_wconf 82' lang='lat' dir='ltr'>rebellantem</span> <span class='ocrx_word' id='word_1_25' title='bbox 1598 262 1616 294; x_wconf 88' lang='lat'>9</span> 
     </span>
     <span class='ocr_line' id='line_1_5' title="bbox 119 310 1575 364; baseline -0.001 -12"><span class='ocrx_word' id='word_1_26' title='bbox 119 312 246 363; x_wconf 84' lang='lat' dir='ltr'>magis</span> <span class='ocrx_word' id='word_1_27' title='bbox 275 319 423 352; x_wconf 87' lang='lat' dir='ltr'>temere</span> <span class='ocrx_word' id='word_1_28' title='bbox 454 324 574 364; x_wconf 89' lang='lat' dir='ltr'>quam</span> <span class='ocrx_word' id='word_1_29' title='bbox 595 317 826 350; x_wconf 81' lang='lat' dir='ltr'><strong>constanter</strong></span> <span class='ocrx_word' id='word_1_30' title='bbox 855 310 1068 350; x_wconf 78' lang='lat' dir='ltr'>bellantem</span> <span class='ocrx_word' id='word_1_31' title='bbox 1099 311 1258 363; x_wconf 83' lang='lat' dir='ltr'>iugum,</span> <span class='ocrx_word' id='word_1_32' title='bbox 1290 323 1369 363; x_wconf 89' lang='lat' dir='ltr'>quo</span> <span class='ocrx_word' id='word_1_33' title='bbox 1392 324 1434 350; x_wconf 89' lang='lat' dir='ltr'>se</span> <span class='ocrx_word' id='word_1_34' title='bbox 1455 311 1575 359; x_wconf 83' lang='lat' dir='ltr'>exuit,</span> 
     </span>
     <span class='ocr_line' id='line_1_6' title="bbox 119 361 1647 422; baseline -0.001 -13"><span class='ocrx_word' id='word_1_35' title='bbox 119 370 302 422; x_wconf 87' lang='lat' dir='ltr'>accipere</span> <span class='ocrx_word' id='word_1_36' title='bbox 336 382 476 409; x_wconf 83' lang='lat' dir='ltr'>iursus</span> <span class='ocrx_word' id='word_1_37' title='bbox 506 361 678 420; x_wconf 86' lang='lat' dir='ltr'>cogatis.</span> <span class='ocrx_word' id='word_1_38' title='bbox 733 368 775 407; x_wconf 92' lang='lat' dir='ltr'>in</span> <span class='ocrx_word' id='word_1_39' title='bbox 809 368 918 407; x_wconf 88' lang='lat' dir='ltr'>hunc</span> <span class='ocrx_word' id='word_1_40' title='bbox 949 369 1110 408; x_wconf 82' lang='lat' dir='ltr'>niodum</span> <span class='ocrx_word' id='word_1_41' title='bbox 1152 368 1320 408; x_wconf 81' lang='lat' dir='ltr'><strong>maxime</strong></span> <span class='ocrx_word' id='word_1_42' title='bbox 1350 367 1579 408; x_wconf 75' lang='lat' dir='ltr'>adhortatus</span> <span class='ocrx_word' id='word_1_43' title='bbox 1610 375 1647 408; x_wconf 80' lang='lat'>10</span> 
     </span>
     <span class='ocr_line' id='line_1_7' title="bbox 120 400 1577 479; baseline 0 -13"><span class='ocrx_word' id='word_1_44' title='bbox 120 427 354 479; x_wconf 76' lang='lat' dir='ltr'>pronuntiat</span> <span class='ocrx_word' id='word_1_45' title='bbox 373 440 415 466; x_wconf 90' lang='lat' dir='ltr'>se</span> <span class='ocrx_word' id='word_1_46' title='bbox 437 434 554 466; x_wconf 88' lang='lat' dir='ltr'>nocte</span> <span class='ocrx_word' id='word_1_47' title='bbox 556 400 622 466; x_wconf 64' lang='lat' dir='ltr'>aad</span> <span class='ocrx_word' id='word_1_48' title='bbox 644 432 770 465; x_wconf 88' lang='lat' dir='ltr'>castra</span> <span class='ocrx_word' id='word_1_49' title='bbox 790 425 965 465; x_wconf 88' lang='lat' dir='ltr'>hostium</span> <span class='ocrx_word' id='word_1_50' title='bbox 994 426 1220 465; x_wconf 90' lang='lat' dir='ltr'>ducturum.</span> <span class='ocrx_word' id='word_1_51' title='bbox 1264 425 1317 465; x_wconf 85' lang='lat' dir='ltr'>ita</span> <span class='ocrx_word' id='word_1_52' title='bbox 1338 425 1386 465; x_wconf 88' lang='lat' dir='ltr'>ad</span> <span class='ocrx_word' id='word_1_53' title='bbox 1408 438 1577 479; x_wconf 86' lang='lat' dir='ltr'>corpora</span> 
     </span>
     <span class='ocr_line' id='line_1_8' title="bbox 119 483 484 524; baseline -0.003 0"><span class='ocrx_word' id='word_1_54' title='bbox 119 484 296 524; x_wconf 87' lang='lat' dir='ltr'>curanda</span> <span class='ocrx_word' id='word_1_55' title='bbox 319 483 484 523; x_wconf 85' lang='lat' dir='ltr'>dimissi.</span> 
     </span>
    </p>

    <p class='ocr_par' dir='ltr' id='par_1_4' title="bbox 115 539 1647 1052">
     <span class='ocr_line' id='line_1_9' title="bbox 235 539 1647 594; baseline 0 -14"><span class='ocrx_word' id='word_1_56' title='bbox 235 540 360 581; x_wconf 83' lang='lat' dir='ltr'><strong>Nocte</strong></span> <span class='ocrx_word' id='word_1_57' title='bbox 380 541 530 587; x_wconf 89' lang='lat' dir='ltr'>media,</span> <span class='ocrx_word' id='word_1_58' title='bbox 561 552 652 579; x_wconf 88' lang='lat' dir='ltr'>cum</span> <span class='ocrx_word' id='word_1_59' title='bbox 672 539 849 592; x_wconf 86' lang='lat' dir='ltr'>auspicio</span> <span class='ocrx_word' id='word_1_60' title='bbox 871 552 1032 592; x_wconf 80' lang='lat' dir='ltr'><strong>operam</strong></span> <span class='ocrx_word' id='word_1_61' title='bbox 1054 540 1250 588; x_wconf 77' lang='lat' dir='ltr'>dedisset,</span> <span class='ocrx_word' id='word_1_62' title='bbox 1280 541 1501 594; x_wconf 80' lang='lat' dir='ltr'>profectus,</span> <span class='ocrx_word' id='word_1_63' title='bbox 1531 548 1576 580; x_wconf 92' lang='lat' dir='ltr'>ut</span> <span class='ocrx_word' id='word_1_64' title='bbox 1599 545 1647 580; x_wconf 75' lang='lat'>14</span> 
     </span>
     <span class='ocr_line' id='line_1_10' title="bbox 120 597 1578 651; baseline -0.001 -13"><span class='ocrx_word' id='word_1_65' title='bbox 120 598 253 638; x_wconf 88' lang='lat' dir='ltr'>locum</span> <span class='ocrx_word' id='word_1_66' title='bbox 277 611 396 651; x_wconf 90' lang='lat' dir='ltr'>quem</span> <span class='ocrx_word' id='word_1_67' title='bbox 415 597 543 645; x_wconf 84' lang='lat' dir='ltr'>vellet,</span> <span class='ocrx_word' id='word_1_68' title='bbox 573 597 806 649; x_wconf 89' lang='lat' dir='ltr'>priusquam</span> <span class='ocrx_word' id='word_1_69' title='bbox 826 597 964 636; x_wconf 89' lang='lat' dir='ltr'>hostes</span> <span class='ocrx_word' id='word_1_70' title='bbox 985 598 1194 647; x_wconf 71' lang='lat' dir='ltr'>sentirent,</span> <span class='ocrx_word' id='word_1_71' title='bbox 1226 605 1398 650; x_wconf 87' lang='lat' dir='ltr'>caperet,</span> <span class='ocrx_word' id='word_1_72' title='bbox 1420 604 1578 650; x_wconf 89' lang='lat' dir='ltr'>praeter</span> 
     </span>
     <span class='ocr_line' id='line_1_11' title="bbox 119 654 1577 707; baseline -0.001 -12"><span class='ocrx_word' id='word_1_73' title='bbox 119 663 246 696; x_wconf 90' lang='lat' dir='ltr'>castra</span> <span class='ocrx_word' id='word_1_74' title='bbox 278 656 450 695; x_wconf 88' lang='lat' dir='ltr'>hostium</span> <span class='ocrx_word' id='word_1_75' title='bbox 481 655 742 694; x_wconf 81' lang='lat' dir='ltr'>circumducit</span> <span class='ocrx_word' id='word_1_76' title='bbox 763 662 801 693; x_wconf 91' lang='lat' dir='ltr'>et</span> <span class='ocrx_word' id='word_1_77' title='bbox 823 654 949 706; x_wconf 90' lang='lat' dir='ltr'>prima</span> <span class='ocrx_word' id='word_1_78' title='bbox 981 654 1070 694; x_wconf 91' lang='lat' dir='ltr'>luce</span> <span class='ocrx_word' id='word_1_79' title='bbox 1091 655 1175 695; x_wconf 88' lang='lat' dir='ltr'>acie</span> <span class='ocrx_word' id='word_1_80' title='bbox 1204 655 1399 695; x_wconf 87' lang='lat' dir='ltr'>instructa</span> <span class='ocrx_word' id='word_1_81' title='bbox 1420 654 1494 694; x_wconf 88' lang='lat' dir='ltr'>sub</span> <span class='ocrx_word' id='word_1_82' title='bbox 1516 655 1577 707; x_wconf 88' lang='lat' dir='ltr'>ip·</span> 
     </span>
     <span class='ocr_line' id='line_1_12' title="bbox 119 711 1619 765; baseline 0.001 -13"><span class='ocrx_word' id='word_1_83' title='bbox 119 725 209 752; x_wconf 91' lang='lat' dir='ltr'>sum</span> <span class='ocrx_word' id='word_1_84' title='bbox 237 712 381 752; x_wconf 83' lang='lat' dir='ltr'>vallum</span> <span class='ocrx_word' id='word_1_85' title='bbox 401 721 481 752; x_wconf 86' lang='lat' dir='ltr'>tres</span> <span class='ocrx_word' id='word_1_86' title='bbox 509 712 696 751; x_wconf 83' lang='lat' dir='ltr'>cohortes</span> <span class='ocrx_word' id='word_1_87' title='bbox 717 711 850 751; x_wconf 85' lang='lat' dir='ltr'>mittit.</span> <span class='ocrx_word' id='word_1_88' title='bbox 899 712 1092 752; x_wconf 71' lang='lat' dir='ltr'>mirantes</span> <span class='ocrx_word' id='word_1_89' title='bbox 1120 712 1278 752; x_wconf 81' lang='lat' dir='ltr'>barbaii</span> <span class='ocrx_word' id='word_1_90' title='bbox 1299 712 1347 752; x_wconf 88' lang='lat' dir='ltr'>ab</span> <span class='ocrx_word' id='word_1_91' title='bbox 1370 720 1482 764; x_wconf 84' lang='lat' dir='ltr'>tergo</span> <span class='ocrx_word' id='word_1_92' title='bbox 1504 725 1575 765; x_wconf 91' lang='lat' dir='ltr'>ap·</span> <span class='ocrx_word' id='word_1_93' title='bbox 1599 721 1619 754; x_wconf 86' lang='lat'>2</span> 
     </span>
     <span class='ocr_line' id='line_1_13' title="bbox 120 768 1619 823; baseline 0 -13"><span class='ocrx_word' id='word_1_94' title='bbox 120 770 299 823; x_wconf 87' lang='lat' dir='ltr'>paruisse</span> <span class='ocrx_word' id='word_1_95' title='bbox 320 769 545 809; x_wconf 86' lang='lat' dir='ltr'>Romanum</span> <span class='ocrx_word' id='word_1_96' title='bbox 575 770 798 809; x_wconf 83' lang='lat' dir='ltr'>discurrere</span> <span class='ocrx_word' id='word_1_97' title='bbox 827 776 862 809; x_wconf 81' lang='lat' dir='ltr'>et</span> <span class='ocrx_word' id='word_1_98' title='bbox 893 769 968 822; x_wconf 91' lang='lat' dir='ltr'>ipsi</span> <span class='ocrx_word' id='word_1_99' title='bbox 998 770 1046 809; x_wconf 91' lang='lat' dir='ltr'>ad</span> <span class='ocrx_word' id='word_1_100' title='bbox 1074 782 1194 809; x_wconf 87' lang='lat' dir='ltr'>arma.</span> <span class='ocrx_word' id='word_1_101' title='bbox 1247 769 1406 810; x_wconf 87' lang='lat' dir='ltr'>interim</span> <span class='ocrx_word' id='word_1_102' title='bbox 1437 768 1580 809; x_wconf 87' lang='lat' dir='ltr'>consul</span> <span class='ocrx_word' id='word_1_103' title='bbox 1599 779 1619 810; x_wconf 87' lang='lat'><strong>3</strong></span> 
     </span>
     <span class='ocr_line' id='line_1_14' title="bbox 115 820 1577 895; baseline -0.001 -28"><span class='ocrx_word' id='word_1_104' title='bbox 115 827 225 895; x_wconf 88' lang='lat' dir='ltr'>apud</span> <span class='ocrx_word' id='word_1_105' title='bbox 255 839 350 867; x_wconf 91' lang='lat' dir='ltr'>suos</span> <span class='ocrx_word' id='word_1_106' title='bbox 375 822 600 879; x_wconf 76' lang='lat' dir='ltr'>‘nusquam</span> <span class='ocrx_word' id='word_1_107' title='bbox 631 827 706 866; x_wconf 89' lang='lat' dir='ltr'>nisi</span> <span class='ocrx_word' id='word_1_108' title='bbox 736 826 777 866; x_wconf 89' lang='lat' dir='ltr'>in</span> <span class='ocrx_word' id='word_1_109' title='bbox 812 826 958 866; x_wconf 85' lang='lat' dir='ltr'>virtute</span> <span class='ocrx_word' id='word_1_110' title='bbox 987 839 1078 879; x_wconf 84' lang='lat' dir='ltr'>spes</span> <span class='ocrx_word' id='word_1_111' title='bbox 1117 834 1201 875; x_wconf 88' lang='lat' dir='ltr'>est,</span> <span class='ocrx_word' id='word_1_112' title='bbox 1236 820 1400 866; x_wconf 84' lang='lat' dir='ltr'>milites</span> <span class='ocrx_word' id='word_1_113' title='bbox 1434 827 1577 879; x_wconf 88' lang='lat' dir='ltr'>inquit,</span> 
     </span>
     <span class='ocr_line' id='line_1_15' title="bbox 115 879 1617 936; baseline 0 -12"><span class='ocrx_word' id='word_1_114' title='bbox 115 879 176 924; x_wconf 80' lang='lat' dir='ltr'>‘et</span> <span class='ocrx_word' id='word_1_115' title='bbox 207 897 281 936; x_wconf 85' lang='lat' dir='ltr'>ego</span> <span class='ocrx_word' id='word_1_116' title='bbox 303 884 464 932; x_wconf 80' lang='lat' dir='ltr'>sedulo,</span> <span class='ocrx_word' id='word_1_117' title='bbox 495 897 546 924; x_wconf 92' lang='lat' dir='ltr'>ne</span> <span class='ocrx_word' id='word_1_118' title='bbox 568 892 693 932; x_wconf 87' lang='lat' dir='ltr'>esset,</span> <span class='ocrx_word' id='word_1_119' title='bbox 718 883 808 923; x_wconf 87' lang='lat' dir='ltr'>feci.</span> <span class='ocrx_word' id='word_1_120' title='bbox 857 883 963 923; x_wconf 80' lang='lat' dir='ltr'>intel</span> <span class='ocrx_word' id='word_1_121' title='bbox 986 891 1113 924; x_wconf 84' lang='lat' dir='ltr'>castra</span> <span class='ocrx_word' id='word_1_122' title='bbox 1145 890 1281 924; x_wconf 85' lang='lat' dir='ltr'>nostra</span> <span class='ocrx_word' id='word_1_123' title='bbox 1303 891 1343 924; x_wconf 89' lang='lat' dir='ltr'>et</span> <span class='ocrx_word' id='word_1_124' title='bbox 1365 897 1439 924; x_wconf 89' lang='lat' dir='ltr'>nos</span> <span class='ocrx_word' id='word_1_125' title='bbox 1460 884 1578 924; x_wconf 90' lang='lat' dir='ltr'>medii</span> <span class='ocrx_word' id='word_1_126' title='bbox 1598 894 1617 925; x_wconf 84' lang='lat'>4</span> 
     </span>
     <span class='ocr_line' id='line_1_16' title="bbox 119 941 1579 994; baseline -0.001 -13"><span class='ocrx_word' id='word_1_127' title='bbox 119 941 256 981; x_wconf 87' lang='lat' dir='ltr'>hostes</span> <span class='ocrx_word' id='word_1_128' title='bbox 277 949 316 982; x_wconf 87' lang='lat' dir='ltr'>et</span> <span class='ocrx_word' id='word_1_129' title='bbox 337 942 384 982; x_wconf 87' lang='lat' dir='ltr'>ab</span> <span class='ocrx_word' id='word_1_130' title='bbox 406 949 520 993; x_wconf 83' lang='lat' dir='ltr'>tergo</span> <span class='ocrx_word' id='word_1_131' title='bbox 542 942 718 981; x_wconf 89' lang='lat' dir='ltr'>hostium</span> <span class='ocrx_word' id='word_1_132' title='bbox 739 954 832 993; x_wconf 84' lang='lat' dir='ltr'>ager</span> <span class='ocrx_word' id='word_1_133' title='bbox 867 948 939 981; x_wconf 89' lang='lat' dir='ltr'>est.</span> <span class='ocrx_word' id='word_1_134' title='bbox 991 942 1098 994; x_wconf 91' lang='lat' dir='ltr'>quod</span> <span class='ocrx_word' id='word_1_135' title='bbox 1119 941 1446 994; x_wconf 87' lang='lat' dir='ltr'>pulcherrimum,</span> <span class='ocrx_word' id='word_1_136' title='bbox 1475 941 1579 981; x_wconf 87' lang='lat' dir='ltr'>idem</span> 
     </span>
     <span class='ocr_line' id='line_1_17' title="bbox 119 999 1580 1052; baseline -0.001 -13"><span class='ocrx_word' id='word_1_137' title='bbox 119 999 386 1039; x_wconf 86' lang='lat' dir='ltr'>tutissimum:</span> <span class='ocrx_word' id='word_1_138' title='bbox 408 999 450 1039; x_wconf 94' lang='lat' dir='ltr'>in</span> <span class='ocrx_word' id='word_1_139' title='bbox 471 1000 615 1039; x_wconf 85' lang='lat' dir='ltr'>virtute</span> <span class='ocrx_word' id='word_1_140' title='bbox 636 1011 748 1052; x_wconf 91' lang='lat' dir='ltr'>spem</span> <span class='ocrx_word' id='word_1_141' title='bbox 770 999 942 1051; x_wconf 88' lang='lat' dir='ltr'>positam</span> <span class='ocrx_word' id='word_1_142' title='bbox 961 999 1122 1039; x_wconf 86' lang='lat' dir='ltr'>habere.</span> <span class='ocrx_word' id='word_1_143' title='bbox 1173 999 1248 1039; x_wconf 89' lang='lat' dir='ltr'>sub</span> <span class='ocrx_word' id='word_1_144' title='bbox 1269 999 1367 1039; x_wconf 90' lang='lat' dir='ltr'>haec</span> <span class='ocrx_word' id='word_1_145' title='bbox 1395 1000 1580 1039; x_wconf 84' lang='lat' dir='ltr'>cohortes</span> 
     </span>
    </p>
   </div>
   <div class='ocr_carea' id='block_1_4' title="bbox 115 92 362 121">
    <p class='ocr_par' dir='ltr' id='par_1_5' title="bbox 115 92 362 121">
     <span class='ocr_line' id='line_1_18' title="bbox 115 92 362 121; baseline -0.008 -1"><span class='ocrx_word' id='word_1_146' title='bbox 115 101 145 120; x_wconf 75' lang='lat' dir='ltr'>a.</span> <span class='ocrx_word' id='word_1_147' title='bbox 165 92 231 121; x_wconf 77' lang='lat' dir='ltr'>Chr.</span> <span class='ocrx_word' id='word_1_148' title='bbox 252 101 281 119; x_wconf 78' lang='lat' dir='ltr'>n.</span> <span class='ocrx_word' id='word_1_149' title='bbox 304 93 362 119; x_wconf 80' lang='lat'>¹95.</span> 
     </span>
    </p>
   </div>
   <div class='ocr_carea' id='block_1_5' title="bbox 118 1056 1619 1453">
    <p class='ocr_par' dir='ltr' id='par_1_6' title="bbox 118 1056 1619 1453">
     <span class='ocr_line' id='line_1_19' title="bbox 118 1056 1619 1109; baseline 0 -13"><span class='ocrx_word' id='word_1_150' title='bbox 118 1056 245 1109; x_wconf 87' lang='lat' dir='ltr'>recipi</span> <span class='ocrx_word' id='word_1_151' title='bbox 266 1056 392 1106; x_wconf 91' lang='lat' dir='ltr'>iubet,</span> <span class='ocrx_word' id='word_1_152' title='bbox 415 1064 458 1096; x_wconf 90' lang='lat' dir='ltr'>ut</span> <span class='ocrx_word' id='word_1_153' title='bbox 477 1056 667 1096; x_wconf 86' lang='lat' dir='ltr'>barbaros</span> <span class='ocrx_word' id='word_1_154' title='bbox 684 1056 936 1096; x_wconf 85' lang='lat' dir='ltr'>simulatione</span> <span class='ocrx_word' id='word_1_155' title='bbox 957 1057 1073 1108; x_wconf 85' lang='lat' dir='ltr'>fugae</span> <span class='ocrx_word' id='word_1_156' title='bbox 1090 1056 1262 1096; x_wconf 89' lang='lat' dir='ltr'>eliceret.</span> <span class='ocrx_word' id='word_1_157' title='bbox 1294 1057 1346 1104; x_wconf 88' lang='lat' dir='ltr'>id,</span> <span class='ocrx_word' id='word_1_158' title='bbox 1370 1057 1478 1109; x_wconf 86' lang='lat' dir='ltr'>quod</span> <span class='ocrx_word' id='word_1_159' title='bbox 1495 1069 1581 1096; x_wconf 91' lang='lat' dir='ltr'>cre-</span> <span class='ocrx_word' id='word_1_160' title='bbox 1600 1064 1619 1095; x_wconf 87' lang='lat'>5</span> 
     </span>
     <span class='ocr_line' id='line_1_20' title="bbox 118 1113 1580 1166; baseline -0.001 -12"><span class='ocrx_word' id='word_1_161' title='bbox 118 1113 286 1162; x_wconf 86' lang='lat' dir='ltr'>diderat,</span> <span class='ocrx_word' id='word_1_162' title='bbox 307 1114 452 1154; x_wconf 88' lang='lat' dir='ltr'>evenit.</span> <span class='ocrx_word' id='word_1_163' title='bbox 493 1114 747 1166; x_wconf 87' lang='lat' dir='ltr'>pertimuisse</span> <span class='ocrx_word' id='word_1_164' title='bbox 769 1120 808 1153; x_wconf 90' lang='lat' dir='ltr'>et</span> <span class='ocrx_word' id='word_1_165' title='bbox 829 1114 968 1153; x_wconf 89' lang='lat' dir='ltr'>cedere</span> <span class='ocrx_word' id='word_1_166' title='bbox 989 1114 1066 1153; x_wconf 84' lang='lat' dir='ltr'>rati</span> <span class='ocrx_word' id='word_1_167' title='bbox 1087 1113 1289 1153; x_wconf 88' lang='lat' dir='ltr'>Romanos</span> <span class='ocrx_word' id='word_1_168' title='bbox 1309 1120 1425 1166; x_wconf 89' lang='lat' dir='ltr'>porta</span> <span class='ocrx_word' id='word_1_169' title='bbox 1447 1126 1580 1153; x_wconf 90' lang='lat' dir='ltr'>erum-</span> 
     </span>
     <span class='ocr_line' id='line_1_21' title="bbox 120 1171 1580 1224; baseline 0 -14"><span class='ocrx_word' id='word_1_170' title='bbox 120 1178 225 1223; x_wconf 85' lang='lat' dir='ltr'>punt</span> <span class='ocrx_word' id='word_1_171' title='bbox 240 1178 291 1220; x_wconf 91' lang='lat' dir='ltr'>et,</span> <span class='ocrx_word' id='word_1_172' title='bbox 314 1179 507 1224; x_wconf 89' lang='lat' dir='ltr'>quantum</span> <span class='ocrx_word' id='word_1_173' title='bbox 529 1171 634 1210; x_wconf 87' lang='lat' dir='ltr'>inter</span> <span class='ocrx_word' id='word_1_174' title='bbox 655 1178 781 1210; x_wconf 88' lang='lat' dir='ltr'>castra</span> <span class='ocrx_word' id='word_1_175' title='bbox 802 1183 872 1210; x_wconf 88' lang='lat' dir='ltr'>sua</span> <span class='ocrx_word' id='word_1_176' title='bbox 894 1177 933 1210; x_wconf 91' lang='lat' dir='ltr'>et</span> <span class='ocrx_word' id='word_1_177' title='bbox 953 1171 1077 1210; x_wconf 84' lang='lat' dir='ltr'>aciem</span> <span class='ocrx_word' id='word_1_178' title='bbox 1098 1171 1272 1210; x_wconf 88' lang='lat' dir='ltr'>hostium</span> <span class='ocrx_word' id='word_1_179' title='bbox 1294 1171 1476 1211; x_wconf 88' lang='lat' dir='ltr'>relictum</span> <span class='ocrx_word' id='word_1_180' title='bbox 1498 1178 1580 1211; x_wconf 88' lang='lat' dir='ltr'>erat</span> 
     </span>
     <span class='ocr_line' id='line_1_22' title="bbox 120 1227 1581 1281; baseline 0 -14"><span class='ocrx_word' id='word_1_181' title='bbox 120 1227 222 1276; x_wconf 88' lang='lat' dir='ltr'>loci,</span> <span class='ocrx_word' id='word_1_182' title='bbox 252 1228 414 1268; x_wconf 88' lang='lat' dir='ltr'>armatis</span> <span class='ocrx_word' id='word_1_183' title='bbox 435 1228 651 1281; x_wconf 89' lang='lat' dir='ltr'>complent.</span> <span class='ocrx_word' id='word_1_184' title='bbox 703 1228 798 1268; x_wconf 89' lang='lat' dir='ltr'>dum</span> <span class='ocrx_word' id='word_1_185' title='bbox 828 1228 1028 1280; x_wconf 89' lang='lat' dir='ltr'>trepidant</span> <span class='ocrx_word' id='word_1_186' title='bbox 1049 1229 1132 1268; x_wconf 90' lang='lat' dir='ltr'>acie</span> <span class='ocrx_word' id='word_1_187' title='bbox 1154 1228 1406 1277; x_wconf 88' lang='lat' dir='ltr'>instruenda,</span> <span class='ocrx_word' id='word_1_188' title='bbox 1439 1228 1581 1268; x_wconf 89' lang='lat' dir='ltr'>consul</span> 
     </span>
     <span class='ocr_line' id='line_1_23' title="bbox 120 1285 1581 1339; baseline 0 -14"><span class='ocrx_word' id='word_1_189' title='bbox 120 1285 199 1325; x_wconf 92' lang='lat' dir='ltr'>iam</span> <span class='ocrx_word' id='word_1_190' title='bbox 220 1285 367 1339; x_wconf 86' lang='lat' dir='ltr'>paratis</span> <span class='ocrx_word' id='word_1_191' title='bbox 388 1285 662 1338; x_wconf 86' lang='lat' dir='ltr'>ordinatisque</span> <span class='ocrx_word' id='word_1_192' title='bbox 682 1285 868 1325; x_wconf 88' lang='lat' dir='ltr'>omnibus</span> <span class='ocrx_word' id='word_1_193' title='bbox 888 1285 1176 1338; x_wconf 87' lang='lat' dir='ltr'>incompositos</span> <span class='ocrx_word' id='word_1_194' title='bbox 1193 1286 1432 1337; x_wconf 85' lang='lat' dir='ltr'>adgreditur.</span> <span class='ocrx_word' id='word_1_195' title='bbox 1469 1286 1581 1338; x_wconf 89' lang='lat' dir='ltr'>equi-</span> 
     </span>
     <span class='ocr_line' id='line_1_24' title="bbox 120 1342 1580 1396; baseline 0 -14"><span class='ocrx_word' id='word_1_196' title='bbox 120 1349 181 1382; x_wconf 89' lang='lat' dir='ltr'>tes</span> <span class='ocrx_word' id='word_1_197' title='bbox 210 1343 362 1396; x_wconf 87' lang='lat' dir='ltr'>primos</span> <span class='ocrx_word' id='word_1_198' title='bbox 383 1342 431 1382; x_wconf 86' lang='lat' dir='ltr'>ab</span> <span class='ocrx_word' id='word_1_199' title='bbox 459 1350 631 1395; x_wconf 90' lang='lat' dir='ltr'>utroque</span> <span class='ocrx_word' id='word_1_200' title='bbox 663 1355 790 1382; x_wconf 89' lang='lat' dir='ltr'>cornu</span> <span class='ocrx_word' id='word_1_201' title='bbox 812 1342 852 1382; x_wconf 92' lang='lat' dir='ltr'>in</span> <span class='ocrx_word' id='word_1_202' title='bbox 876 1355 1053 1395; x_wconf 86' lang='lat' dir='ltr'>pugnam</span> <span class='ocrx_word' id='word_1_203' title='bbox 1080 1343 1247 1383; x_wconf 84' lang='lat' dir='ltr'>induxit.</span> <span class='ocrx_word' id='word_1_204' title='bbox 1289 1343 1358 1382; x_wconf 91' lang='lat' dir='ltr'>sed</span> <span class='ocrx_word' id='word_1_205' title='bbox 1381 1343 1422 1382; x_wconf 91' lang='lat' dir='ltr'>in</span> <span class='ocrx_word' id='word_1_206' title='bbox 1444 1343 1580 1382; x_wconf 86' lang='lat' dir='ltr'>dextro</span> 
     </span>
     <span class='ocr_line' id='line_1_25' title="bbox 120 1400 1581 1453; baseline 0 -14"><span class='ocrx_word' id='word_1_207' title='bbox 120 1400 320 1453; x_wconf 84' lang='lat' dir='ltr'>extemplo</span> <span class='ocrx_word' id='word_1_208' title='bbox 352 1400 457 1453; x_wconf 88' lang='lat' dir='ltr'>pulsi</span> <span class='ocrx_word' id='word_1_209' title='bbox 488 1400 754 1453; x_wconf 82' lang='lat' dir='ltr'>cedentesque</span> <span class='ocrx_word' id='word_1_210' title='bbox 781 1400 927 1453; x_wconf 91' lang='lat' dir='ltr'>trepidi</span> <span class='ocrx_word' id='word_1_211' title='bbox 958 1401 1073 1440; x_wconf 88' lang='lat' dir='ltr'>etiam</span> <span class='ocrx_word' id='word_1_212' title='bbox 1104 1400 1227 1453; x_wconf 88' lang='lat' dir='ltr'>pediti</span> <span class='ocrx_word' id='word_1_213' title='bbox 1257 1406 1451 1440; x_wconf 86' lang='lat' dir='ltr'>terrorem</span> <span class='ocrx_word' id='word_1_214' title='bbox 1475 1401 1581 1440; x_wconf 92' lang='lat' dir='ltr'>intu-</span> 
     </span>
    </p>
   </div>
   <div class='ocr_carea' id='block_1_6' title="bbox 118 1500 821 2645">
    <p class='ocr_par' dir='ltr' id='par_1_7' title="bbox 118 1500 820 1726">
     <span class='ocr_line' id='line_1_26' title="bbox 118 1500 819 1543; baseline -0.001 -10"><span class='ocrx_word' id='word_1_215' title='bbox 118 1510 147 1534; x_wconf 85' lang='lat' dir='ltr'>s.</span> <span class='ocrx_word' id='word_1_216' title='bbox 161 1502 218 1542; x_wconf 83' lang='lat'>40,</span> <span class='ocrx_word' id='word_1_217' title='bbox 242 1502 296 1542; x_wconf 86' lang='lat'>53,</span> <span class='ocrx_word' id='word_1_218' title='bbox 317 1504 351 1540; x_wconf 89' lang='lat'>1;</span> <span class='ocrx_word' id='word_1_219' title='bbox 372 1501 440 1535; x_wconf 84' lang='lat' dir='ltr'>Cic.</span> <span class='ocrx_word' id='word_1_220' title='bbox 455 1501 490 1534; x_wconf 88' lang='lat' dir='ltr'>in</span> <span class='ocrx_word' id='word_1_221' title='bbox 504 1500 599 1534; x_wconf 74' lang='lat' dir='ltr'>Verr.</span> <span class='ocrx_word' id='word_1_222' title='bbox 621 1503 650 1543; x_wconf 86' lang='lat'>1,</span> <span class='ocrx_word' id='word_1_223' title='bbox 664 1502 726 1534; x_wconf 84' lang='lat'>20:</span> <span class='ocrx_word' id='word_1_224' title='bbox 745 1512 819 1533; x_wconf 80' lang='lat' dir='ltr'>una</span> 
     </span>
     <span class='ocr_line' id='line_1_27' title="bbox 119 1546 820 1590; baseline 0.003 -12"><span class='ocrx_word' id='word_1_225' title='bbox 119 1547 230 1589; x_wconf 79' lang='lat' dir='ltr'>hora,</span> <span class='ocrx_word' id='word_1_226' title='bbox 256 1557 328 1590; x_wconf 81' lang='lat' dir='ltr'>qua</span> <span class='ocrx_word' id='word_1_227' title='bbox 359 1547 477 1580; x_wconf 77' lang='lat' dir='ltr'>dicere</span> <span class='ocrx_word' id='word_1_228' title='bbox 498 1548 616 1589; x_wconf 76' lang='lat' dir='ltr'>coepi3</span> <span class='ocrx_word' id='word_1_229' title='bbox 638 1557 672 1590; x_wconf 93' lang='lat' dir='ltr'>p.</span> <span class='ocrx_word' id='word_1_230' title='bbox 691 1546 820 1581; x_wconf 81' lang='lat' dir='ltr'>SRose.</span> 
     </span>
     <span class='ocr_line' id='line_1_28' title="bbox 119 1593 820 1635; baseline 0.003 -11"><span class='ocrx_word' id='word_1_231' title='bbox 119 1593 176 1625; x_wconf 77' lang='lat'>74.</span> <span class='ocrx_word' id='word_1_232' title='bbox 200 1610 246 1616; x_wconf 80' lang='lat'><strong>—</strong></span> <span class='ocrx_word' id='word_1_233' title='bbox 267 1594 481 1635; x_wconf 76' lang='lat' dir='ltr'>provinciis]</span> <span class='ocrx_word' id='word_1_234' title='bbox 509 1603 536 1626; x_wconf 89' lang='lat' dir='ltr'>s.</span> <span class='ocrx_word' id='word_1_235' title='bbox 552 1594 606 1634; x_wconf 81' lang='lat'>32,</span> <span class='ocrx_word' id='word_1_236' title='bbox 632 1594 687 1633; x_wconf 88' lang='lat'>28,</span> <span class='ocrx_word' id='word_1_237' title='bbox 703 1595 757 1626; x_wconf 87' lang='lat'>11.</span> <span class='ocrx_word' id='word_1_238' title='bbox 773 1611 820 1617; x_wconf 90' lang='lat'><strong>—</strong></span> 
     </span>
     <span class='ocr_line' id='line_1_29' title="bbox 118 1635 819 1681; baseline 0.003 -11"><span class='ocrx_word' id='word_1_239' title='bbox 118 1639 235 1678; x_wconf 81' lang='lat' dir='ltr'>nobis]</span> <span class='ocrx_word' id='word_1_240' title='bbox 259 1635 342 1671; x_wconf 74' lang='lat' dir='ltr'>‘fiir’</span> <span class='ocrx_word' id='word_1_241' title='bbox 370 1638 453 1673; x_wconf 88' lang='lat' dir='ltr'>oder</span> <span class='ocrx_word' id='word_1_242' title='bbox 476 1636 560 1672; x_wconf 64' lang='lat' dir='ltr'>‘von</span> <span class='ocrx_word' id='word_1_243' title='bbox 584 1635 680 1678; x_wconf 76' lang='lat' dir='ltr'>uns’3</span> <span class='ocrx_word' id='word_1_244' title='bbox 718 1649 745 1672; x_wconf 89' lang='grc'>5.</span> <span class='ocrx_word' id='word_1_245' title='bbox 762 1640 819 1681; x_wconf 92' lang='grc'>21,</span> 
     </span>
     <span class='ocr_line' id='line_1_30' title="bbox 119 1686 234 1726; baseline 0.009 -9"><span class='ocrx_word' id='word_1_246' title='bbox 119 1686 176 1726; x_wconf 82' lang='lat'>34,</span> <span class='ocrx_word' id='word_1_247' title='bbox 201 1686 234 1718; x_wconf 85' lang='lat'>9.</span> 
     </span>
    </p>

    <p class='ocr_par' dir='ltr' id='par_1_8' title="bbox 171 1730 673 1772">
     <span class='ocr_line' id='line_1_31' title="bbox 171 1730 673 1772; baseline 0 -9"><span class='ocrx_word' id='word_1_248' title='bbox 171 1731 225 1763; x_wconf 86' lang='lat'>10.</span> <span class='ocrx_word' id='word_1_249' title='bbox 252 1731 424 1771; x_wconf 68' lang='lat' dir='ltr'>maoeime]</span> <span class='ocrx_word' id='word_1_250' title='bbox 450 1740 477 1762; x_wconf 93' lang='grc'>5.</span> <span class='ocrx_word' id='word_1_251' title='bbox 504 1731 535 1771; x_wconf 76' lang='lat'>7,</span> <span class='ocrx_word' id='word_1_252' title='bbox 559 1730 615 1772; x_wconf 86' lang='lat'>30,</span> <span class='ocrx_word' id='word_1_253' title='bbox 644 1731 673 1763; x_wconf 89' lang='lat'>1.</span> 
     </span>
    </p>

    <p class='ocr_par' dir='ltr' id='par_1_9' title="bbox 120 1774 821 2550">
     <span class='ocr_line' id='line_1_32' title="bbox 166 1774 818 1816; baseline 0 -7"><span class='ocrx_word' id='word_1_254' title='bbox 166 1774 225 1810; x_wconf 74' lang='lat'>14.</span> <span class='ocrx_word' id='word_1_255' title='bbox 256 1779 286 1809; x_wconf 88' lang='lat'>1.</span> <span class='ocrx_word' id='word_1_256' title='bbox 320 1779 423 1808; x_wconf 78' lang='lat' dir='ltr'>nocte</span> <span class='ocrx_word' id='word_1_257' title='bbox 441 1801 449 1808; x_wconf 92' lang='lat'>.</span> <span class='ocrx_word' id='word_1_258' title='bbox 468 1777 488 1815; x_wconf 94' lang='lat'>.]</span> <span class='ocrx_word' id='word_1_259' title='bbox 519 1775 586 1808; x_wconf 88' lang='lat' dir='ltr'>wie</span> <span class='ocrx_word' id='word_1_260' title='bbox 615 1777 674 1816; x_wconf 90' lang='grc'>10,</span> <span class='ocrx_word' id='word_1_261' title='bbox 699 1778 761 1815; x_wconf 87' lang='grc'>40,</span> <span class='ocrx_word' id='word_1_262' title='bbox 786 1777 818 1809; x_wconf 90' lang='grc'>2.</span> 
     </span>
     <span class='ocr_line' id='line_1_33' title="bbox 120 1821 818 1863; baseline 0.001 -9"><span class='ocrx_word' id='word_1_263' title='bbox 120 1839 167 1845; x_wconf 85' lang='grc'>--</span> <span class='ocrx_word' id='word_1_264' title='bbox 181 1831 330 1863; x_wconf 82' lang='lat' dir='ltr'>operam</span> <span class='ocrx_word' id='word_1_265' title='bbox 355 1821 522 1861; x_wconf 81' lang='lat' dir='ltr'>dedisset]</span> <span class='ocrx_word' id='word_1_266' title='bbox 548 1821 614 1854; x_wconf 88' lang='lat' dir='ltr'>wie</span> <span class='ocrx_word' id='word_1_267' title='bbox 643 1823 696 1860; x_wconf 90' lang='grc'>10,</span> <span class='ocrx_word' id='word_1_268' title='bbox 711 1823 765 1861; x_wconf 89' lang='grc'>39,</span> <span class='ocrx_word' id='word_1_269' title='bbox 778 1823 818 1855; x_wconf 89' lang='grc'>2;</span> 
     </span>
     <span class='ocr_line' id='line_1_34' title="bbox 121 1866 819 1910; baseline 0.001 -11"><span class='ocrx_word' id='word_1_270' title='bbox 121 1869 282 1909; x_wconf 71' lang='lat' dir='ltr'>operari,</span> <span class='ocrx_word' id='word_1_271' title='bbox 308 1877 389 1900; x_wconf 73' lang='lat' dir='ltr'>vom</span> <span class='ocrx_word' id='word_1_272' title='bbox 406 1866 612 1900; x_wconf 79' lang='lat' dir='ltr'>Vollziehen</span> <span class='ocrx_word' id='word_1_273' title='bbox 639 1866 819 1910; x_wconf 75' lang='lat' dir='ltr'>religioser</span> 
     </span>
     <span class='ocr_line' id='line_1_35' title="bbox 122 1911 818 1953; baseline 0 -8"><span class='ocrx_word' id='word_1_274' title='bbox 122 1911 388 1951; x_wconf 76' lang='lat' dir='ltr'>Ceremoiiieen3</span> <span class='ocrx_word' id='word_1_275' title='bbox 405 1922 432 1945; x_wconf 90' lang='lat' dir='ltr'>s.</span> <span class='ocrx_word' id='word_1_276' title='bbox 451 1912 518 1946; x_wconf 82' lang='lat' dir='ltr'>Cic.</span> <span class='ocrx_word' id='word_1_277' title='bbox 538 1911 581 1945; x_wconf 91' lang='lat' dir='ltr'>de</span> <span class='ocrx_word' id='word_1_278' title='bbox 598 1911 668 1945; x_wconf 89' lang='lat' dir='ltr'>div.</span> <span class='ocrx_word' id='word_1_279' title='bbox 685 1915 714 1953; x_wconf 91' lang='lat'>1,</span> <span class='ocrx_word' id='word_1_280' title='bbox 735 1915 818 1951; x_wconf 76' lang='lat'>107;</span> 
     </span>
     <span class='ocr_line' id='line_1_36' title="bbox 121 1957 819 2000; baseline 0.001 -10"><span class='ocrx_word' id='word_1_281' title='bbox 121 1957 194 2000; x_wconf 83' lang='lat' dir='ltr'>vgl.</span> <span class='ocrx_word' id='word_1_282' title='bbox 212 1957 341 1992; x_wconf 86' lang='lat' dir='ltr'>Charis.</span> <span class='ocrx_word' id='word_1_283' title='bbox 358 1958 385 1992; x_wconf 92' lang='lat'>11</span> <span class='ocrx_word' id='word_1_284' title='bbox 403 1957 437 1992; x_wconf 90' lang='lat' dir='ltr'>S.</span> <span class='ocrx_word' id='word_1_285' title='bbox 456 1959 548 1992; x_wconf 80' lang='lat'>214:</span> <span class='ocrx_word' id='word_1_286' title='bbox 573 1958 620 1991; x_wconf 83' lang='lat' dir='ltr'>M.</span> <span class='ocrx_word' id='word_1_287' title='bbox 640 1958 727 1991; x_wconf 77' lang='lat' dir='ltr'>Cato</span> <span class='ocrx_word' id='word_1_288' title='bbox 745 1959 819 1991; x_wconf 75' lang='lat' dir='ltr'>die—</span> 
     </span>
     <span class='ocr_line' id='line_1_37' title="bbox 120 2004 818 2037; baseline 0.001 -1"><span class='ocrx_word' id='word_1_289' title='bbox 120 2014 205 2036; x_wconf 76' lang='lat' dir='ltr'>rum</span> <span class='ocrx_word' id='word_1_290' title='bbox 236 2004 419 2037; x_wconf 83' lang='lat' dir='ltr'>dictarum</span> <span class='ocrx_word' id='word_1_291' title='bbox 452 2004 495 2037; x_wconf 89' lang='lat' dir='ltr'>de</span> <span class='ocrx_word' id='word_1_292' title='bbox 520 2004 709 2037; x_wconf 80' lang='lat' dir='ltr'>consulatu</span> <span class='ocrx_word' id='word_1_293' title='bbox 733 2015 818 2037; x_wconf 87' lang='lat' dir='ltr'>suo:</span> 
     </span>
     <span class='ocr_line' id='line_1_38' title="bbox 120 2045 819 2093; baseline -0.001 -9.981"><span class='ocrx_word' id='word_1_294' title='bbox 120 2045 279 2083; x_wconf 78' lang='lat' dir='ltr'>‘nostros</span> <span class='ocrx_word' id='word_1_295' title='bbox 307 2061 401 2093; x_wconf 81' lang='lat' dir='ltr'>pone</span> <span class='ocrx_word' id='word_1_296' title='bbox 430 2060 553 2082; x_wconf 68' lang='lat' dir='ltr'>versus</span> <span class='ocrx_word' id='word_1_297' title='bbox 586 2051 719 2082; x_wconf 77' lang='lat' dir='ltr'>lzostez&#39;s</span> <span class='ocrx_word' id='word_1_298' title='bbox 748 2062 819 2082; x_wconf 87' lang='lat' dir='ltr'>esse</span> 
     </span>
     <span class='ocr_line' id='line_1_39' title="bbox 122 2092 819 2140; baseline 0 -12"><span class='ocrx_word' id='word_1_299' title='bbox 122 2096 168 2128; x_wconf 86' lang='lat' dir='ltr'>ab</span> <span class='ocrx_word' id='word_1_300' title='bbox 182 2092 449 2140; x_wconf 73' lang='lat' dir='ltr'>deoetraparte.</span> <span class='ocrx_word' id='word_1_301' title='bbox 477 2098 562 2128; x_wconf 73' lang='lat' dir='ltr'>item</span> <span class='ocrx_word' id='word_1_302' title='bbox 581 2096 696 2128; x_wconf 83' lang='lat' dir='ltr'>idem:</span> <span class='ocrx_word' id='word_1_303' title='bbox 711 2092 819 2138; x_wconf 80' lang='lat' dir='ltr'>‘post-</span> 
     </span>
     <span class='ocr_line' id='line_1_40' title="bbox 120 2143 820 2185; baseline 0.001 -12"><span class='ocrx_word' id='word_1_304' title='bbox 120 2151 234 2185; x_wconf 80' lang='lat' dir='ltr'>quam</span> <span class='ocrx_word' id='word_1_305' title='bbox 266 2143 455 2185; x_wconf 65' lang='lat' dir='ltr'>aus-picam</span> <span class='ocrx_word' id='word_1_306' title='bbox 487 2143 595 2185; x_wconf 76' lang='lat' dir='ltr'>atque</span> <span class='ocrx_word' id='word_1_307' title='bbox 620 2144 820 2175; x_wconf 66' lang='lat' dir='ltr'>enm-citum</span> 
     </span>
     <span class='ocr_line' id='line_1_41' title="bbox 121 2187 820 2231; baseline -0.001 -10"><span class='ocrx_word' id='word_1_308' title='bbox 121 2187 267 2221; x_wconf 73' lang='lat' dir='ltr'>adduxi</span> <span class='ocrx_word' id='word_1_309' title='bbox 301 2198 400 2231; x_wconf 84' lang='lat' dir='ltr'>pone</span> <span class='ocrx_word' id='word_1_310' title='bbox 438 2199 501 2221; x_wconf 64' lang='lat' dir='ltr'>ve?-</span> <span class='ocrx_word' id='word_1_311' title='bbox 501 2199 561 2220; x_wconf 84' lang='lat' dir='ltr'>sus</span> <span class='ocrx_word' id='word_1_312' title='bbox 601 2190 722 2221; x_wconf 64' lang='lat' dir='ltr'>eastra</span> <span class='ocrx_word' id='word_1_313' title='bbox 758 2189 820 2220; x_wconf 87' lang='grc' dir='ltr'><em>Ιιο-</em></span> 
     </span>
     <span class='ocr_line' id='line_1_42' title="bbox 122 2228 819 2276; baseline 0 -9"><span class='ocrx_word' id='word_1_314' title='bbox 122 2228 265 2267; x_wconf 77' lang='lat' dir='ltr'>stium’.</span> <span class='ocrx_word' id='word_1_315' title='bbox 289 2252 334 2258; x_wconf 82' lang='lat'>——</span> <span class='ocrx_word' id='word_1_316' title='bbox 361 2235 488 2274; x_wconf 83' lang='lat' dir='ltr'>hostes]</span> <span class='ocrx_word' id='word_1_317' title='bbox 514 2233 604 2266; x_wconf 88' lang='lat' dir='ltr'>nach</span> <span class='ocrx_word' id='word_1_318' title='bbox 631 2235 685 2276; x_wconf 83' lang='lat'>16,</span> <span class='ocrx_word' id='word_1_319' title='bbox 709 2235 730 2267; x_wconf 85' lang='lat'>4</span> <span class='ocrx_word' id='word_1_320' title='bbox 763 2233 819 2267; x_wconf 86' lang='lat' dir='ltr'>die</span> 
     </span>
     <span class='ocr_line' id='line_1_43' title="bbox 123 2278 819 2322; baseline 0 -10"><span class='ocrx_word' id='word_1_321' title='bbox 123 2278 302 2312; x_wconf 86' lang='lat' dir='ltr'>zwischen</span> <span class='ocrx_word' id='word_1_322' title='bbox 309 2279 471 2322; x_wconf 82' lang='lat' dir='ltr'>Empoii&#39;a</span> <span class='ocrx_word' id='word_1_323' title='bbox 484 2279 555 2313; x_wconf 90' lang='lat' dir='ltr'>und</span> <span class='ocrx_word' id='word_1_324' title='bbox 563 2278 712 2312; x_wconf 89' lang='lat' dir='ltr'>Tarraco</span> <span class='ocrx_word' id='word_1_325' title='bbox 723 2279 819 2312; x_wconf 88' lang='lat' dir='ltr'>woh-</span> 
     </span>
     <span class='ocr_line' id='line_1_44' title="bbox 124 2323 818 2368; baseline 0.003 -12"><span class='ocrx_word' id='word_1_326' title='bbox 124 2323 262 2357; x_wconf 85' lang='lat' dir='ltr'>nenden</span> <span class='ocrx_word' id='word_1_327' title='bbox 279 2323 421 2368; x_wconf 75' lang='lat' dir='ltr'>Volker,</span> <span class='ocrx_word' id='word_1_328' title='bbox 445 2324 736 2359; x_wconf 86' lang='lat' dir='ltr'>wahrscheinlich</span> <span class='ocrx_word' id='word_1_329' title='bbox 761 2324 818 2358; x_wconf 92' lang='lat' dir='ltr'>die</span> 
     </span>
     <span class='ocr_line' id='line_1_45' title="bbox 123 2368 818 2414; baseline 0.003 -11"><span class='ocrx_word' id='word_1_330' title='bbox 123 2368 314 2412; x_wconf 84' lang='lat' dir='ltr'>Indigeten.</span> <span class='ocrx_word' id='word_1_331' title='bbox 338 2390 385 2395; x_wconf 89' lang='lat'>—</span> <span class='ocrx_word' id='word_1_332' title='bbox 407 2370 598 2414; x_wconf 62' lang='lat' dir='ltr'>sentirent]</span> <span class='ocrx_word' id='word_1_333' title='bbox 624 2381 652 2405; x_wconf 92' lang='lat' dir='ltr'>s.</span> <span class='ocrx_word' id='word_1_334' title='bbox 666 2373 698 2412; x_wconf 89' lang='lat'>2,</span> <span class='ocrx_word' id='word_1_335' title='bbox 716 2372 771 2411; x_wconf 79' lang='grc'>25,</span> <span class='ocrx_word' id='word_1_336' title='bbox 789 2373 818 2405; x_wconf 89' lang='grc'>1.</span> 
     </span>
     <span class='ocr_line' id='line_1_46' title="bbox 121 2415 821 2457; baseline 0.003 -10"><span class='ocrx_word' id='word_1_337' title='bbox 121 2433 173 2440; x_wconf 89' lang='grc'>-</span> <span class='ocrx_word' id='word_1_338' title='bbox 189 2416 445 2457; x_wconf 78' lang='lat' dir='ltr'>circumducit]</span> <span class='ocrx_word' id='word_1_339' title='bbox 470 2415 564 2450; x_wconf 84' lang='lat' dir='ltr'>steht</span> <span class='ocrx_word' id='word_1_340' title='bbox 581 2416 654 2450; x_wconf 89' lang='lat' dir='ltr'>hier</span> <span class='ocrx_word' id='word_1_341' title='bbox 679 2415 821 2450; x_wconf 87' lang='lat' dir='ltr'>absolut</span> 
     </span>
     <span class='ocr_line' id='line_1_47' title="bbox 124 2460 820 2505; baseline 0.003 -12"><span class='ocrx_word' id='word_1_342' title='bbox 124 2460 211 2502; x_wconf 86' lang='lat' dir='ltr'>(vgl.</span> <span class='ocrx_word' id='word_1_343' title='bbox 236 2462 258 2503; x_wconf 65' lang='grc' dir='ltr'>ξ</span> <span class='ocrx_word' id='word_1_344' title='bbox 284 2463 336 2504; x_wconf 80' lang='lat'>7);</span> <span class='ocrx_word' id='word_1_345' title='bbox 363 2462 501 2496; x_wconf 66' lang='lat' dir='ltr'>ahnlich</span> <span class='ocrx_word' id='word_1_346' title='bbox 517 2462 570 2497; x_wconf 82' lang='lat' dir='ltr'>oft</span> <span class='ocrx_word' id='word_1_347' title='bbox 586 2462 648 2496; x_wconf 87' lang='lat' dir='ltr'>das</span> <span class='ocrx_word' id='word_1_348' title='bbox 666 2461 820 2505; x_wconf 85' lang='lat' dir='ltr'>Simplex</span> 
     </span>
     <span class='ocr_line' id='line_1_48' title="bbox 124 2505 821 2550; baseline 0.007 -13"><span class='ocrx_word' id='word_1_349' title='bbox 124 2505 278 2546; x_wconf 77' lang='lat' dir='ltr'>ducere;</span> <span class='ocrx_word' id='word_1_350' title='bbox 303 2508 374 2550; x_wconf 85' lang='lat' dir='ltr'>vgl.</span> <span class='ocrx_word' id='word_1_351' title='bbox 399 2507 488 2541; x_wconf 91' lang='lat' dir='ltr'>auch</span> <span class='ocrx_word' id='word_1_352' title='bbox 504 2510 533 2548; x_wconf 89' lang='lat'>1,</span> <span class='ocrx_word' id='word_1_353' title='bbox 548 2509 604 2549; x_wconf 82' lang='lat'>23,</span> <span class='ocrx_word' id='word_1_354' title='bbox 620 2511 656 2548; x_wconf 75' lang='grc' dir='ltr'>ὃς</span> <span class='ocrx_word' id='word_1_355' title='bbox 673 2510 704 2549; x_wconf 89' lang='grc'>3,</span> <span class='ocrx_word' id='word_1_356' title='bbox 718 2509 774 2549; x_wconf 82' lang='grc'><strong>62,</strong></span> <span class='ocrx_word' id='word_1_357' title='bbox 788 2511 821 2542; x_wconf 84' lang='grc'>5.</span> 
     </span>
    </p>

    <p class='ocr_par' dir='ltr' id='par_1_10' title="bbox 173 2552 820 2597">
     <span class='ocr_line' id='line_1_49' title="bbox 173 2552 820 2597; baseline 0.006 -13"><span class='ocrx_word' id='word_1_358' title='bbox 173 2552 205 2585; x_wconf 88' lang='lat'>3.</span> <span class='ocrx_word' id='word_1_359' title='bbox 230 2553 368 2595; x_wconf 80' lang='lat' dir='ltr'>inquit]</span> <span class='ocrx_word' id='word_1_360' title='bbox 398 2553 452 2587; x_wconf 89' lang='lat' dir='ltr'>die</span> <span class='ocrx_word' id='word_1_361' title='bbox 478 2553 640 2597; x_wconf 81' lang='lat' dir='ltr'>Stellung</span> <span class='ocrx_word' id='word_1_362' title='bbox 672 2553 740 2587; x_wconf 85' lang='lat' dir='ltr'>wie</span> <span class='ocrx_word' id='word_1_363' title='bbox 766 2554 820 2596; x_wconf 83' lang='lat'>25,</span> 
     </span>
    </p>

    <p class='ocr_par' dir='ltr' id='par_1_11' title="bbox 195 2611 543 2645">
     <span class='ocr_line' id='line_1_50' title="bbox 195 2611 543 2645; baseline 0.017 -6"><span class='ocrx_word' id='word_1_364' title='bbox 195 2612 227 2640; x_wconf 82' lang='lat' dir='ltr'>T.</span> <span class='ocrx_word' id='word_1_365' title='bbox 243 2611 304 2640; x_wconf 80' lang='lat' dir='ltr'>Liv.</span> <span class='ocrx_word' id='word_1_366' title='bbox 318 2612 406 2642; x_wconf 82' lang='lat' dir='ltr'>V112.</span> <span class='ocrx_word' id='word_1_367' title='bbox 428 2615 454 2644; x_wconf 81' lang='grc'>3.</span> <span class='ocrx_word' id='word_1_368' title='bbox 468 2615 543 2645; x_wconf 77' lang='lat' dir='ltr'>Auss.</span> 
     </span>
    </p>
   </div>
   <div class='ocr_carea' id='block_1_7' title="bbox 885 1501 1584 2597">
    <p class='ocr_par' dir='ltr' id='par_1_12' title="bbox 887 1501 1584 1956">
     <span class='ocr_line' id='line_1_51' title="bbox 891 1501 1582 1544; baseline -0.001 -10"><span class='ocrx_word' id='word_1_369' title='bbox 891 1503 923 1542; x_wconf 83' lang='lat'>3,</span> <span class='ocrx_word' id='word_1_370' title='bbox 950 1503 1010 1540; x_wconf 85' lang='lat'>19;</span> <span class='ocrx_word' id='word_1_371' title='bbox 1037 1501 1106 1544; x_wconf 74' lang='lat' dir='ltr'>vgl.</span> <span class='ocrx_word' id='word_1_372' title='bbox 1134 1503 1166 1540; x_wconf 85' lang='lat'>3,</span> <span class='ocrx_word' id='word_1_373' title='bbox 1191 1504 1246 1542; x_wconf 75' lang='lat'>41,</span> <span class='ocrx_word' id='word_1_374' title='bbox 1274 1503 1305 1535; x_wconf 88' lang='grc'>3.</span> <span class='ocrx_word' id='word_1_375' title='bbox 1332 1503 1386 1541; x_wconf 85' lang='lat'>54,</span> <span class='ocrx_word' id='word_1_376' title='bbox 1413 1503 1582 1534; x_wconf 86' lang='lat' dir='ltr'>3u.a.-—-</span> 
     </span>
     <span class='ocr_line' id='line_1_52' title="bbox 887 1528 1583 1590; baseline 0 -10"><span class='ocrx_word' id='word_1_377' title='bbox 887 1548 1040 1582; x_wconf 81' lang='lat' dir='ltr'>sedulo.</span> <span class='ocrx_word' id='word_1_378' title='bbox 1058 1547 1170 1588; x_wconf 76' lang='lat' dir='ltr'>.lecz]</span> <span class='ocrx_word' id='word_1_379' title='bbox 1193 1528 1263 1580; x_wconf 80' lang='lat' dir='ltr'>ic&#39;h</span> <span class='ocrx_word' id='word_1_380' title='bbox 1294 1547 1384 1580; x_wconf 84' lang='lat' dir='ltr'>habe</span> <span class='ocrx_word' id='word_1_381' title='bbox 1414 1546 1500 1580; x_wconf 86' lang='lat' dir='ltr'>alles</span> <span class='ocrx_word' id='word_1_382' title='bbox 1525 1557 1567 1590; x_wconf 86' lang='lat' dir='ltr'>ge</span> <span class='ocrx_word' id='word_1_383' title='bbox 1570 1566 1583 1571; x_wconf 88' lang='lat'><em>-</em></span> 
     </span>
     <span class='ocr_line' id='line_1_53' title="bbox 891 1573 1583 1647; baseline 0 -21"><span class='ocrx_word' id='word_1_384' title='bbox 891 1593 975 1626; x_wconf 85' lang='lat' dir='ltr'>than</span> <span class='ocrx_word' id='word_1_385' title='bbox 1001 1573 1080 1647; x_wconf 70' lang='lat' dir='ltr'>(ioli</span> <span class='ocrx_word' id='word_1_386' title='bbox 1095 1593 1155 1626; x_wconf 91' lang='lat' dir='ltr'>bin</span> <span class='ocrx_word' id='word_1_387' title='bbox 1179 1593 1280 1636; x_wconf 84' lang='lat' dir='ltr'>eisrig</span> <span class='ocrx_word' id='word_1_388' title='bbox 1297 1592 1421 1626; x_wconf 75' lang='lat' dir='ltr'>darauf</span> <span class='ocrx_word' id='word_1_389' title='bbox 1435 1592 1583 1626; x_wconf 86' lang='lat' dir='ltr'>bedacht</span> 
     </span>
     <span class='ocr_line' id='line_1_54' title="bbox 889 1635 1567 1681; baseline -0.002 -9"><span class='ocrx_word' id='word_1_390' title='bbox 889 1635 1096 1681; x_wconf 83' lang='lat' dir='ltr'>gewesen)&#39;;</span> <span class='ocrx_word' id='word_1_391' title='bbox 1131 1639 1187 1672; x_wconf 90' lang='lat' dir='ltr'>ein</span> <span class='ocrx_word' id='word_1_392' title='bbox 1211 1638 1395 1673; x_wconf 86' lang='lat' dir='ltr'>Ausdruck</span> <span class='ocrx_word' id='word_1_393' title='bbox 1418 1638 1478 1671; x_wconf 89' lang='lat' dir='ltr'>der</span> <span class='ocrx_word' id='word_1_394' title='bbox 1503 1638 1567 1672; x_wconf 88' lang='lat' dir='ltr'>Um</span> 
     </span>
     <span class='ocr_line' id='line_1_55' title="bbox 888 1684 1582 1728; baseline 0.001 -11"><span class='ocrx_word' id='word_1_395' title='bbox 888 1685 1162 1728; x_wconf 52' lang='lat' dir='ltr'>gangssprachez</span> <span class='ocrx_word' id='word_1_396' title='bbox 1194 1685 1265 1728; x_wconf 82' lang='lat' dir='ltr'>vgl.</span> <span class='ocrx_word' id='word_1_397' title='bbox 1290 1684 1367 1718; x_wconf 88' lang='lat' dir='ltr'>Ter.</span> <span class='ocrx_word' id='word_1_398' title='bbox 1391 1684 1478 1718; x_wconf 92' lang='lat' dir='ltr'>Eun.</span> <span class='ocrx_word' id='word_1_399' title='bbox 1496 1686 1582 1723; x_wconf 85' lang='grc'><strong>362;</strong></span> 
     </span>
     <span class='ocr_line' id='line_1_56' title="bbox 889 1729 1584 1767; baseline 0.001 -4"><span class='ocrx_word' id='word_1_400' title='bbox 889 1730 1011 1764; x_wconf 87' lang='lat' dir='ltr'>Heaut.</span> <span class='ocrx_word' id='word_1_401' title='bbox 1040 1732 1122 1767; x_wconf 87' lang='grc'><strong>126;</strong></span> <span class='ocrx_word' id='word_1_402' title='bbox 1148 1730 1211 1764; x_wconf 79' lang='lat' dir='ltr'>Ad.</span> <span class='ocrx_word' id='word_1_403' title='bbox 1230 1733 1294 1764; x_wconf 81' lang='lat'>251</span> <span class='ocrx_word' id='word_1_404' title='bbox 1316 1741 1348 1763; x_wconf 90' lang='lat' dir='ltr'>u.</span> <span class='ocrx_word' id='word_1_405' title='bbox 1363 1741 1394 1764; x_wconf 88' lang='lat' dir='ltr'>a.</span> <span class='ocrx_word' id='word_1_406' title='bbox 1420 1729 1584 1764; x_wconf 82' lang='lat' dir='ltr'>Plutarch</span> 
     </span>
     <span class='ocr_line' id='line_1_57' title="bbox 889 1776 1583 1818; baseline 0 -9"><span class='ocrx_word' id='word_1_407' title='bbox 889 1776 1064 1818; x_wconf 71' lang='lat' dir='ltr'>erwahnt,</span> <span class='ocrx_word' id='word_1_408' title='bbox 1100 1776 1176 1809; x_wconf 88' lang='lat' dir='ltr'>dass</span> <span class='ocrx_word' id='word_1_409' title='bbox 1206 1777 1289 1809; x_wconf 88' lang='lat' dir='ltr'>Cato</span> <span class='ocrx_word' id='word_1_410' title='bbox 1324 1776 1512 1810; x_wconf 86' lang='lat' dir='ltr'>Celtiberer</span> <span class='ocrx_word' id='word_1_411' title='bbox 1548 1776 1583 1809; x_wconf 87' lang='lat' dir='ltr'>in</span> 
     </span>
     <span class='ocr_line' id='line_1_58' title="bbox 889 1821 1583 1864; baseline -0.001 -9"><span class='ocrx_word' id='word_1_412' title='bbox 889 1821 976 1855; x_wconf 91' lang='lat' dir='ltr'>Sold</span> <span class='ocrx_word' id='word_1_413' title='bbox 1016 1832 1222 1864; x_wconf 87' lang='lat' dir='ltr'>genommen</span> <span class='ocrx_word' id='word_1_414' title='bbox 1262 1822 1369 1863; x_wconf 81' lang='lat' dir='ltr'>habe,</span> <span class='ocrx_word' id='word_1_415' title='bbox 1406 1822 1583 1855; x_wconf 77' lang='lat' dir='ltr'>vielleicht</span> 
     </span>
     <span class='ocr_line' id='line_1_59' title="bbox 889 1867 1583 1910; baseline 0 -10"><span class='ocrx_word' id='word_1_416' title='bbox 889 1867 1061 1910; x_wconf 89' lang='lat' dir='ltr'>dasselbe,</span> <span class='ocrx_word' id='word_1_417' title='bbox 1086 1878 1160 1901; x_wconf 90' lang='lat' dir='ltr'>was</span> <span class='ocrx_word' id='word_1_418' title='bbox 1183 1867 1256 1901; x_wconf 84' lang='lat' dir='ltr'>Liv.</span> <span class='ocrx_word' id='word_1_419' title='bbox 1277 1870 1330 1907; x_wconf 85' lang='lat'>19,</span> <span class='ocrx_word' id='word_1_420' title='bbox 1357 1869 1376 1901; x_wconf 89' lang='lat'>2</span> <span class='ocrx_word' id='word_1_421' title='bbox 1391 1867 1426 1901; x_wconf 87' lang='lat' dir='ltr'>ff.</span> <span class='ocrx_word' id='word_1_422' title='bbox 1452 1868 1583 1902; x_wconf 88' lang='lat' dir='ltr'>berich-</span> 
     </span>
     <span class='ocr_line' id='line_1_60' title="bbox 891 1912 1419 1956; baseline 0.002 -10"><span class='ocrx_word' id='word_1_423' title='bbox 891 1918 956 1950; x_wconf 83' lang='lat' dir='ltr'>tet:</span> <span class='ocrx_word' id='word_1_424' title='bbox 983 1913 1052 1956; x_wconf 85' lang='lat' dir='ltr'>vgl.</span> <span class='ocrx_word' id='word_1_425' title='bbox 1079 1912 1222 1947; x_wconf 82' lang='lat' dir='ltr'>Frontin</span> <span class='ocrx_word' id='word_1_426' title='bbox 1246 1915 1279 1954; x_wconf 88' lang='lat'>4,</span> <span class='ocrx_word' id='word_1_427' title='bbox 1306 1916 1337 1953; x_wconf 74' lang='grc' dir='ltr'>Ἴ,</span> <span class='ocrx_word' id='word_1_428' title='bbox 1363 1916 1419 1947; x_wconf 83' lang='lat'>35.</span> 
     </span>
    </p>

    <p class='ocr_par' dir='ltr' id='par_1_13' title="bbox 888 1958 1584 2277">
     <span class='ocr_line' id='line_1_61' title="bbox 936 1958 1583 2002; baseline 0 -10"><span class='ocrx_word' id='word_1_429' title='bbox 936 1961 968 1992; x_wconf 90' lang='lat'>4.</span> <span class='ocrx_word' id='word_1_430' title='bbox 995 1961 1379 2001; x_wconf 77' lang='lat' dir='ltr'>quod..tutissz‘mum]</span> <span class='ocrx_word' id='word_1_431' title='bbox 1405 1958 1475 2002; x_wconf 80' lang='lat' dir='ltr'>vgl.</span> <span class='ocrx_word' id='word_1_432' title='bbox 1501 1958 1583 1993; x_wconf 88' lang='lat' dir='ltr'>Tac.</span> 
     </span>
     <span class='ocr_line' id='line_1_62' title="bbox 888 2004 1584 2048; baseline 0 -10"><span class='ocrx_word' id='word_1_433' title='bbox 888 2005 972 2048; x_wconf 82' lang='lat' dir='ltr'>Agr.</span> <span class='ocrx_word' id='word_1_434' title='bbox 986 2006 1048 2039; x_wconf 88' lang='lat'>30:</span> <span class='ocrx_word' id='word_1_435' title='bbox 1067 2016 1158 2048; x_wconf 83' lang='lat' dir='ltr'>quae</span> <span class='ocrx_word' id='word_1_436' title='bbox 1174 2004 1332 2044; x_wconf 78' lang='lat' dir='ltr'>fortibus</span> <span class='ocrx_word' id='word_1_437' title='bbox 1350 2006 1507 2048; x_wconf 74' lang='lat' dir='ltr'>honesta,</span> <span class='ocrx_word' id='word_1_438' title='bbox 1524 2016 1584 2038; x_wconf 87' lang='lat' dir='ltr'>ea-</span> 
     </span>
     <span class='ocr_line' id='line_1_63' title="bbox 889 2051 1583 2094; baseline 0 -10"><span class='ocrx_word' id='word_1_439' title='bbox 889 2052 968 2084; x_wconf 86' lang='lat' dir='ltr'>dem</span> <span class='ocrx_word' id='word_1_440' title='bbox 986 2053 1093 2084; x_wconf 79' lang='lat' dir='ltr'>etiam.</span> <span class='ocrx_word' id='word_1_441' title='bbox 1111 2053 1256 2094; x_wconf 79' lang='lat' dir='ltr'>ignavis</span> <span class='ocrx_word' id='word_1_442' title='bbox 1274 2052 1469 2091; x_wconf 77' lang='lat' dir='ltr'>tutissima3</span> <span class='ocrx_word' id='word_1_443' title='bbox 1495 2051 1583 2085; x_wconf 88' lang='lat' dir='ltr'>nach</span> 
     </span>
     <span class='ocr_line' id='line_1_64' title="bbox 888 2096 1584 2140; baseline 0.001 -11"><span class='ocrx_word' id='word_1_444' title='bbox 888 2097 1026 2140; x_wconf 86' lang='lat' dir='ltr'>Appian</span> <span class='ocrx_word' id='word_1_445' title='bbox 1058 2097 1118 2131; x_wconf 88' lang='lat' dir='ltr'>hat</span> <span class='ocrx_word' id='word_1_446' title='bbox 1144 2097 1228 2130; x_wconf 88' lang='lat' dir='ltr'>Cato</span> <span class='ocrx_word' id='word_1_447' title='bbox 1260 2096 1316 2131; x_wconf 91' lang='lat' dir='ltr'>die</span> <span class='ocrx_word' id='word_1_448' title='bbox 1346 2096 1462 2130; x_wconf 88' lang='lat' dir='ltr'>Flotte</span> <span class='ocrx_word' id='word_1_449' title='bbox 1496 2097 1584 2130; x_wconf 89' lang='lat' dir='ltr'>nach</span> 
     </span>
     <span class='ocr_line' id='line_1_65' title="bbox 888 2141 1583 2186; baseline 0 -11"><span class='ocrx_word' id='word_1_450' title='bbox 888 2141 1043 2176; x_wconf 83' lang='lat' dir='ltr'>Massilia</span> <span class='ocrx_word' id='word_1_451' title='bbox 1076 2142 1274 2186; x_wconf 87' lang='lat' dir='ltr'>geschickt‚</span> <span class='ocrx_word' id='word_1_452' title='bbox 1305 2153 1365 2176; x_wconf 87' lang='lat' dir='ltr'>um</span> <span class='ocrx_word' id='word_1_453' title='bbox 1396 2142 1479 2184; x_wconf 84' lang='lat' dir='ltr'>das,</span> <span class='ocrx_word' id='word_1_454' title='bbox 1509 2152 1583 2175; x_wconf 81' lang='lat' dir='ltr'>was</span> 
     </span>
     <span class='ocr_line' id='line_1_66' title="bbox 888 2188 1584 2230; baseline 0 -8"><span class='ocrx_word' id='word_1_455' title='bbox 888 2189 960 2222; x_wconf 84' lang='lat' dir='ltr'>Liv.</span> <span class='ocrx_word' id='word_1_456' title='bbox 986 2189 1050 2222; x_wconf 83' lang='lat' dir='ltr'>mit</span> <span class='ocrx_word' id='word_1_457' title='bbox 1073 2190 1141 2223; x_wconf 88' lang='lat' dir='ltr'>den</span> <span class='ocrx_word' id='word_1_458' title='bbox 1165 2188 1310 2222; x_wconf 85' lang='lat' dir='ltr'>Worten</span> <span class='ocrx_word' id='word_1_459' title='bbox 1335 2198 1514 2230; x_wconf 80' lang='lat' dir='ltr'>nusquam</span> <span class='ocrx_word' id='word_1_460' title='bbox 1540 2215 1548 2222; x_wconf 88' lang='lat'>.</span> <span class='ocrx_word' id='word_1_461' title='bbox 1575 2214 1584 2222; x_wconf 86' lang='lat'>.</span> 
     </span>
     <span class='ocr_line' id='line_1_67' title="bbox 889 2234 1355 2277; baseline 0.002 -11"><span class='ocrx_word' id='word_1_462' title='bbox 889 2234 962 2275; x_wconf 76' lang='lat' dir='ltr'>feei</span> <span class='ocrx_word' id='word_1_463' title='bbox 987 2238 1074 2277; x_wconf 85' lang='grc'><strong>5331,</strong></span> <span class='ocrx_word' id='word_1_464' title='bbox 1100 2245 1143 2268; x_wconf 94' lang='lat' dir='ltr'>zu</span> <span class='ocrx_word' id='word_1_465' title='bbox 1168 2235 1355 2268; x_wconf 87' lang='lat' dir='ltr'>erreichen.</span> 
     </span>
    </p>

    <p class='ocr_par' dir='ltr' id='par_1_14' title="bbox 885 2280 1582 2367">
     <span class='ocr_line' id='line_1_68' title="bbox 935 2280 1582 2322; baseline -0.003 -8"><span class='ocrx_word' id='word_1_466' title='bbox 935 2283 968 2314; x_wconf 87' lang='lat'>5.</span> <span class='ocrx_word' id='word_1_467' title='bbox 993 2284 1169 2322; x_wconf 78' lang='lat' dir='ltr'>quantum</span> <span class='ocrx_word' id='word_1_468' title='bbox 1192 2305 1224 2315; x_wconf 84' lang='grc'>..</span> <span class='ocrx_word' id='word_1_469' title='bbox 1243 2280 1325 2320; x_wconf 71' lang='lat' dir='ltr'>Ioci]</span> <span class='ocrx_word' id='word_1_470' title='bbox 1349 2290 1377 2313; x_wconf 89' lang='lat' dir='ltr'>s.</span> <span class='ocrx_word' id='word_1_471' title='bbox 1405 2281 1434 2320; x_wconf 89' lang='lat'>1,</span> <span class='ocrx_word' id='word_1_472' title='bbox 1464 2280 1517 2320; x_wconf 82' lang='lat'>12,</span> <span class='ocrx_word' id='word_1_473' title='bbox 1546 2282 1582 2318; x_wconf 85' lang='grc'>1;</span> 
     </span>
     <span class='ocr_line' id='line_1_69' title="bbox 885 2325 1220 2367; baseline 0 -8"><span class='ocrx_word' id='word_1_474' title='bbox 885 2325 970 2360; x_wconf 86' lang='grc' dir='ltr'><strong>Τ36.</strong></span> <span class='ocrx_word' id='word_1_475' title='bbox 994 2325 1081 2360; x_wconf 83' lang='grc' dir='ltr'><strong>Η151.</strong></span> <span class='ocrx_word' id='word_1_476' title='bbox 1107 2328 1139 2367; x_wconf 88' lang='grc'>3,</span> <span class='ocrx_word' id='word_1_477' title='bbox 1165 2328 1220 2359; x_wconf 88' lang='grc'>29.</span> 
     </span>
    </p>

    <p class='ocr_par' dir='ltr' id='par_1_15' title="bbox 886 2370 1584 2597">
     <span class='ocr_line' id='line_1_70' title="bbox 934 2370 1581 2412; baseline -0.005 -7"><span class='ocrx_word' id='word_1_478' title='bbox 934 2373 966 2405; x_wconf 91' lang='grc'>6.</span> <span class='ocrx_word' id='word_1_479' title='bbox 992 2373 1168 2412; x_wconf 82' lang='lat' dir='ltr'>omnibus]</span> <span class='ocrx_word' id='word_1_480' title='bbox 1193 2371 1240 2405; x_wconf 88' lang='grc'>151</span> <span class='ocrx_word' id='word_1_481' title='bbox 1253 2370 1432 2405; x_wconf 87' lang='lat' dir='ltr'>Neutrum.</span> <span class='ocrx_word' id='word_1_482' title='bbox 1460 2388 1500 2394; x_wconf 88' lang='lat'><em>-</em></span> <span class='ocrx_word' id='word_1_483' title='bbox 1527 2372 1581 2402; x_wconf 82' lang='lat' dir='ltr'>in·</span> 
     </span>
     <span class='ocr_line' id='line_1_71' title="bbox 888 2416 1582 2460; baseline -0.003 -10"><span class='ocrx_word' id='word_1_484' title='bbox 888 2417 1034 2458; x_wconf 75' lang='lat' dir='ltr'>duaez&#39;t*]</span> <span class='ocrx_word' id='word_1_485' title='bbox 1065 2417 1134 2460; x_wconf 79' lang='lat' dir='ltr'>vgl.</span> <span class='ocrx_word' id='word_1_486' title='bbox 1153 2418 1234 2459; x_wconf 48' lang='grc' dir='ltr'><strong>ΑΞ),</strong></span> <span class='ocrx_word' id='word_1_487' title='bbox 1261 2418 1292 2450; x_wconf 89' lang='grc'>1.</span> <span class='ocrx_word' id='word_1_488' title='bbox 1327 2435 1372 2440; x_wconf 93' lang='grc'><strong>-</strong></span> <span class='ocrx_word' id='word_1_489' title='bbox 1401 2416 1582 2458; x_wconf 55' lang='lat' dir='ltr'>emta-mpla</span> 
     </span>
     <span class='ocr_line' id='line_1_72' title="bbox 886 2462 1583 2505; baseline -0.001 -10"><span class='ocrx_word' id='word_1_490' title='bbox 886 2463 998 2504; x_wconf 75' lang='lat' dir='ltr'>pulsi]</span> <span class='ocrx_word' id='word_1_491' title='bbox 1025 2463 1122 2496; x_wconf 89' lang='lat' dir='ltr'>ihren</span> <span class='ocrx_word' id='word_1_492' title='bbox 1145 2462 1385 2505; x_wconf 86' lang='lat' dir='ltr'>Ausserungen</span> <span class='ocrx_word' id='word_1_493' title='bbox 1405 2464 1459 2503; x_wconf 85' lang='lat'>13,</span> <span class='ocrx_word' id='word_1_494' title='bbox 1478 2464 1498 2495; x_wconf 85' lang='lat'>5</span> <span class='ocrx_word' id='word_1_495' title='bbox 1512 2471 1583 2495; x_wconf 86' lang='lat' dir='ltr'>we-</span> 
     </span>
     <span class='ocr_line' id='line_1_73' title="bbox 889 2507 1584 2551; baseline -0.001 -10"><span class='ocrx_word' id='word_1_496' title='bbox 889 2508 950 2550; x_wconf 81' lang='lat' dir='ltr'>nig</span> <span class='ocrx_word' id='word_1_497' title='bbox 985 2507 1246 2551; x_wconf 80' lang='lat' dir='ltr'>entsprechend.</span> <span class='ocrx_word' id='word_1_498' title='bbox 1272 2526 1317 2531; x_wconf 96' lang='lat'><strong>—</strong></span> <span class='ocrx_word' id='word_1_499' title='bbox 1355 2507 1584 2551; x_wconf 71' lang='lat' dir='ltr'>cedentesque</span> 
     </span>
     <span class='ocr_line' id='line_1_74' title="bbox 890 2554 1338 2597; baseline 0.004 -12"><span class='ocrx_word' id='word_1_500' title='bbox 890 2554 1036 2597; x_wconf 69' lang='lat' dir='ltr'>trepidi]</span> <span class='ocrx_word' id='word_1_501' title='bbox 1062 2564 1090 2589; x_wconf 82' lang='lat' dir='ltr'>S.</span> <span class='ocrx_word' id='word_1_502' title='bbox 1116 2555 1170 2594; x_wconf 80' lang='lat'>31,</span> <span class='ocrx_word' id='word_1_503' title='bbox 1200 2556 1255 2596; x_wconf 84' lang='grc'>41,</span> <span class='ocrx_word' id='word_1_504' title='bbox 1285 2556 1338 2587; x_wconf 86' lang='grc'>11.</span> 
     </span>
    </p>
   </div>
   <div class='ocr_carea' id='block_1_8' title="bbox 1288 2615 1306 2644">
    <p class='ocr_par' dir='ltr' id='par_1_16' title="bbox 1288 2615 1306 2644">
     <span class='ocr_line' id='line_1_75' title="bbox 1288 2615 1306 2644; baseline 0 0"><span class='ocrx_word' id='word_1_505' title='bbox 1288 2615 1306 2644; x_wconf 66' lang='lat' dir='ltr'>S</span> 
     </span>
    </p>
   </div>
  </div>
 </body>
</html>
